4017 5984
238 428 295 487 too

558 576 570 613 1
594 555 687 637 (609).

276 692 483 770 Harpocration
493 708 517 749 s.
529 708 559 749 v.
576 688 680 768 Δρυμός
694 711 702 748 :
722 688 801 757 Πόλις
813 688 909 767 μεταξὺ
921 691 1008 750 Βοιω-

235 782 293 847 τίοις
318 777 364 838 καλ
396 780 443 849 τῆς
472 776 600 849 Ἀττικῆς.
632 777 803 853 Δημοσθίνης
834 781 860 837 ίν
885 780 923 857 τῷ
950 775 1010 857 περὶ

237 865 384 949 Πρισόείας
397 867 430 945 [s
445 867 530 943 326).
547 866 783 945 Ἀριστοτέλης
808 868 830 925 δ’
845 870 872 927 lu
887 868 941 932 τοῖς
962 870 1010 925 Δι-

236 953 371 1031 καιώμασί
384 975 462 1033 ρησιν
477 952 568 1021 οὕτως·
581 951 718 1015 «Ἔπειτα
732 952 838 1032 Δρυμδν
852 952 879 1014 δν
895 950 1011 1013 Ἀττικδν

236 1042 281 1103 καί
299 1040 386 1122 inpos
401 1038 553 1102 &tortora

555 1192 571 1229 s
593 1171 691 1252 (διο).

277 1304 448 1363 Ammonius
460 1323 484 1364 s.
501 1324 531 1363 ν.
547 1305 625 1375 Νῆις,
641 1324 671 1381 p.
683 1303 721 1379 98
736 1300 842 1360 Valde:
857 1299 970 1375 Δίδυμος
986 1301 1013 1357 lv

238 1392 340 1473 δεκάτῳ
359 1394 504 1471 ῥητορικῶν
525 1388 742 1467 Ὑπομνημάτων
765 1388 843 1469 ρησῖν
867 1387 949 1457 οὕτως
971 1384 1013 1445 ὅτι

238 1478 402 1559 διαφέρωσιν
425 1481 453 1537 σί
476 1480 536 1548 νῆες
556 1480 609 1535 τῶν
632 1476 741 1535 πλοίων.
757 1476 801 1537 Ῑδ
817 1474 864 1551 μίν
884 1478 934 1557 γάρ
956 1480 1012 1535 ἐστι

239 1564 395 1648 στρογγύλα,
410 1568 438 1624 τί
454 1562 482 1623 di
508 1564 640 1645 κωπήρεις
655 1564 700 1624 καί
714 1564 907 1642 στρατιώτιδας.
926 1565 952 1626 Ἀ
962 1589 1014 1647 ρι-

239 1654 403 1724 στοτίλης
416 1652 443 1713 dl
455 1653 553 1733 irrepsi
565 1655 592 1711 ίν
604 1650 774 1729 Δικαιώμασι
790 1655 843 1711 τῶν
852 1656 953 1713 πόλσων
967 1652 1014 1711 οὕ-

238 1763 299 1809 τως·
320 1768 333 1796 ε
348 1740 513 1823 Ἀλέξανδρος
527 1742 686 1807 δΜολοττδς
700 1740 801 1800 ὓπδτδν
816 1740 894 1799 αὐτὸν
906 1744 1013 1822 χρόνον,

238 1828 407 1908 Ταραντίνων
419 1828 496 1887 αιίτδν
509 1827 759 1909 μεταπεμψαμίνων
773 1827 817 1886 inl
827 1827 870 1888 τδν
879 1829 942 1910 πρὸς
956 1828 1015 1897 τοῖς

241 1917 389 1998 βαρὸάρους
402 1917 532 1994 πόλεμον,
552 1915 690 1987 ίξίπλευσι
713 1916 789 1977 ναυσί
807 1914 854 1996 μίν
877 1920 1015 1978 πεντεκαί-

239 2006 313 2081 δικα,
327 2005 426 2073 πλοίοις
445 2004 473 2064 dl
494 2013 598 2085 συχνοῖς
619 2008 784 2086 ἱππαγωγοῖς
806 2006 851 2065 καί
873 2028 1015 2086 στρατηγι·

239 2098 303 2161 κοῖς.
907 2133 911 2140 -

279 2180 403 2240 Codices
426 2179 501 2237 male
523 2180 657 2258 πολέμων.
688 2180 760 2239 lnde
788 2180 872 2257 llugo
894 2180 1016 2240 Grotius

240 2268 273 2325 in
295 2266 373 2326 libro
396 2264 585 2326 celeberrimo
612 2267 648 2325 de
671 2266 743 2324 Jure
768 2266 842 2325 Belli
863 2280 891 2326 et
915 2268 1014 2335 Pacis,

240 2353 389 2413 Aristoteli
412 2351 522 2413 librum
548 2357 766 2429 ludificationes
797 2356 938 2411 Bellorum
964 2356 1017 2413 tri·

240 2439 316 2500 huit.
332 2440 442 2499 Locum
464 2442 623 2513 Ammonii‚
645 2458 731 2518 quem
758 2438 919 2500 Erennium
942 2441 1016 2501 Phi·

241 2527 336 2586 lonem
348 2542 443 2601 vocat,
455 2542 499 2588 ter
511 2527 666 2605 exscripsit
678 2526 845 2586 Eustathius
861 2529 895 2586 in
908 2528 1015 2606 Odyss.

240 2636 270 2691 p.
287 2636 376 2689 1727,
401 2638 433 2675 ιι
454 2639 460 2674 :
478 2616 610 2697 Ἐρέννιος
633 2604 677 2673 σίν
690 2614 782 2674 Φίλων
802 2614 932 2695 διαρίρειν
953 2614 1018 2696 puel

241 2707 307 2777 νῆας
331 2704 428 2764 πλοίων
450 2704 519 2764 κατδ
535 2705 670 2781 Δίδυμον·
685 2702 719 2763 τδι
733 2702 781 2781 μίν
795 2702 847 2784 γδρ
860 2704 1017 2785 στρογγύλα,

241 2794 269 2850 αῖ
278 2790 305 2851 di
314 2790 509 2870 στρατιώτιδες.
520 2794 566 2859 Εἰς
578 2790 592 2851 δ
602 2790 674 2873 φέρει
681 2792 826 2871 καὶχρῆσιν
840 2790 1018 2873 Ἀριστοτί·

240 2879 312 2943 λους
323 2877 521 2952 ταύτηνἈλίξ.
535 2882 549 2937 δ
562 2881 601 2939 Μ.
612 2880 683 2952 κτλ,
694 2879 725 2938 ἰιι
733 2878 837 2957 Odyss.
846 2899 876 2958 p.
892 2880 978 2952 1408,
989 2882 1018 2952 8,

241 2967 350 3027 omisso
373 2968 538 3027 Aristotelis
551 2968 683 3046 nomine,
699 2980 729 3025 et
742 2968 773 3026 in
792 2968 877 3029 iliad.
894 2988 924 3046 p.
948 2970 1018 3039 ost,

242 3053 280 3113 3⁰
288 3052 340 3113 ubi
354 3054 429 3113 bene
438 3054 617 3135 Ἀριστοτέλης
631 3053 671 3132 δι’,
682 3054 760 3131 puolo
774 3053 803 3133 (d
817 3054 931 3132 Δίδυμος
941 3054 1019 3135 scil.)

181 3133 187 3145 ¹
243 3144 270 3201 ίν
285 3138 455 3217 Δικαιώμασι
471 3140 583 3199 πολεων.

475 3298 510 3359 V.
535 3300 775 3361 ΠΥΘΙΟΝΙΚΔΙ.

282 3434 317 3495 ln
330 3437 516 3497 recensendis
527 3438 613 3498 libris
627 3438 855 3518 ludospublieos
864 3440 928 3499 sive
941 3458 1019 3517 gym·

243 3524 325 3585 nicos
351 3524 414 3585 sive
442 3528 572 3587 scenicos
611 3527 809 3606 spectantibus
838 3528 945 3587 nrirum
975 3544 1019 3589 est

245 3627 385 3691 quantum
400 3613 568 3695 discrepent
592 3615 717 3676 indices.
733 3616 828 3686 Quum
844 3620 922 3675 enirn
942 3620 1019 3697 apud

244 3702 404 3779 Diogenem
445 3702 593 3763 Laertium
625 3706 793 3783 (rio-137)
834 3709 1020 3766 nominantur

170 3832 173 3837 ·
243 3788 447 3868 Ὀλυμπιονῖκαι
456 3790 495 3869 α’,
511 3794 665 3851 Πυθιονῖκαι
678 3792 717 3863 α’,
734 3793 815 3873 (περὶ)
829 3794 967 3867 Μουσικῆς
978 3795 1018 3868 α’,

243 3876 360 3944 Πυθικδς
380 3878 415 3950 α’,
431 3882 593 3941 Πυθιονικῶν
608 3879 711 3958 ἔλεγχοι
726 3876 763 3950 α’,
778 3880 860 3940 Νῖκαι
880 3884 1021 3941 Διονυσια-

247 3964 293 4025 καὶ
308 3963 345 4039 α’,
356 3966 417 4044 περὶ
430 3968 592 4048 Τραγῳδιῶν
614 3967 652 4045 α’,
667 3966 843 4027 Διδασκαλίαι
858 3972 896 4041 α’,
913 3970 954 4027 ita
966 3970 1021 4029 hos

245 4052 345 4113 titulos
359 4054 472 4132 profert
484 4057 679 4134 anonymus:
696 4052 902 4133 Ὀλυμπιονίκας
916 4054 1022 4134 βίὸλως

244 4130 314 4221 ish
337 4138 492 4219 Πίναιχμον
516 4140 632 4212 ἐνίκησεν
651 4144 741 4219 (113),
762 4142 823 4222 napi
843 4142 977 4215 Μουσικῆς
995 4143 1021 4201 α’

246 4229 335 4304 (ταῖς),
356 4228 536 4289 Διονυσιακῶν
556 4231 669 4288 ἀστικῶν
684 4230 728 4289 καί
740 4230 855 4301 ληναίιον
876 4231 1020 4311 προοιμίων

246 4314 271 4372 α’
285 4317 310 4389 (t
319 4315 373 4393 td),
395 4315 455 4394 napi
469 4317 630 4396 Τραγῳδιῶν
655 4318 680 4375 α’
694 4330 721 4389 (t
732 4320 785 4394 ιγ),
810 4320 870 4398 πιρῖ
883 4322 1020 4380 Διδασκα·

438 4450 442 4455 ’
519 4484 599 4533 rum
614 4486 745 4536 unsrun.

628 4608 649 4654 l.

279 4708 398 4771 burnus,
413 4708 473 4759 urbs
492 4709 518 4759 in
536 4711 645 4761 confiniis
663 4714 762 4764 bootia
775 4718 801 4765 et
819 4716 913 4767 altico.
927 4719 1018 4768 Demo.

249 4790 381 4860 selamin
390 4795 504 4847 oratione
514 4796 545 4848 de
554 4799 1021 4861 Qatbnearistotalesrerointusti-

248 4878 404 4933 dationibus
413 4882 448 4933 ait
458 4884 512 4935 lta:
528 4904 541 4929 ι
552 4885 644 4936 Deinde
656 4888 776 4951 Drymum
785 4902 862 4939 unum
875 4890 983 4941 Atticum
995 4896 1020 4943 et

249 4967 355 5021 unnim
366 4971 487 5022 nonium
497 4992 520 5026 ν.

623 5086 646 5133 2.

281 5187 401 5253 Didymus
414 5191 439 5241 in
451 5192 512 5244 libro
525 5194 619 5245 decimo
635 5195 811 5248 rhetoricorum
826 5200 1020 5253 commentario-

793 422 1038 486 ARISTO’OELIS
1060 422 1305 485 FRAGMENTA.

1060 555 1124 613 λιῶν
1140 552 1165 612 α’
1177 554 1271 633 (rat).
1288 554 1332 611 Ex
1345 566 1406 613 toto
1424 554 1481 613 hoc
1495 574 1617 614 numero
1640 556 1700 615 duo
1717 570 1839 616 tantum·

1065 642 1153 701 modo
1166 642 1247 702 tituli
1261 654 1329 701 sunt
1346 662 1423 719 quos
1435 643 1553 701 aliunde
1571 663 1688 722 quoque
1701 647 1839 705 norimus

1063 731 1220 789 Πυθιονῖκαι
1230 743 1261 788 et
1272 730 1458 790 Διδασκαλίαι.
1469 730 1513 787 De
1521 730 1568 790 his
1578 750 1647 789 mox
1659 732 1837 793 videbimus:

1064 818 1096 876 in
1110 818 1351 895 Pythioniearum
1366 836 1438 875 vero
1459 816 1549 891 libro,
1565 831 1704 896 quantum
1719 822 1836 898 quidem

1064 926 1101 964 ex
1114 904 1321 984 superstitibus
1337 905 1505 981 fragmentis
1516 904 1651 982 judicare
1662 908 1747 980 licet,
1759 930 1837 987 pra·

1064 993 1164 1052 sertim
1178 1012 1248 1051 vero
1273 1011 1291 1050 e
1311 990 1462 1050 vocabulis
1483 992 1623 1073 ἀναγραφή
1640 994 1702 1053 sive
1716 998 1838 1076 δνσγρά.

1065 1103 1136 1162 ρειν,
1148 1082 1180 1140 ἰιι
1200 1080 1252 1140 tali
1266 1099 1298 1139 re
1323 1079 1516 1154 solemnibus,
1538 1094 1658 1161 apparet
1681 1084 1838 1145 seeundum

1069 1171 1173 1228 seriem
1196 1166 1383 1243 Pythiadum,
1397 1166 1517 1225 nomina
1528 1185 1630 1227 eorum
1643 1172 1696 1248 qui
1718 1172 1751 1228 in
1764 1171 1841 1231 ludis

1067 1257 1131 1316 sive
1149 1255 1273 1314 musicis
1292 1255 1354 1313 sive
1379 1254 1523 1331 gymnicis
1542 1255 1672 1315 vicerant
1697 1256 1842 1337 descripta

1067 1343 1167 1402 fuisse.
1183 1342 1258 1401 Huic
1269 1360 1340 1400 vero
1353 1340 1516 1401 recensioni
1528 1342 1693 1415 nominum,
1705 1362 1792 1422 quam
1804 1348 1841 1403 ab

1069 1430 1258 1490 Aristoteiee
1276 1428 1405 1509 publicis
1423 1427 1623 1507 cujuscunque
1643 1432 1757 1507 generis
1780 1452 1841 1491 mo-

1067 1518 1214 1578 numentis
1231 1517 1433 1576 concinnatam
1461 1517 1566 1590 fuisse,
1585 1521 1654 1577 satis
1678 1518 1842 1595 probabilis

1068 1620 1112 1666 est
1146 1605 1313 1683 conjectura
1349 1604 1401 1679 (cf.
1432 1604 1522 1682 Leop.
1553 1602 1693 1683 Schmidt,
1720 1612 1841 1683 Pindar,

1068 1695 1160 1753 bono.
1178 1696 1266 1765 1862,
1277 1713 1310 1771 p.
1327 1692 1394 1768 48),
1406 1711 1477 1751 num
1489 1704 1518 1749 et
1528 1691 1587 1750 alia
1599 1693 1728 1770 quaedam
1742 1714 1841 1755 acces-

1068 1784 1171 1853 serint,
1183 1782 1220 1841 de
1236 1781 1368 1861 ipsorum
1376 1780 1511 1840 ludorum
1526 1793 1592 1838 ortu
1601 1794 1630 1839 et
1639 1783 1840 1856 adornatione,

1068 1870 1105 1929 de
1131 1870 1313 1946 singulorum
1328 1872 1470 1929 victorum
1495 1871 1590 1946 patria
1611 1882 1697 1948 atque
1719 1891 1838 1948 genere,

1069 1958 1167 2035 qualia
1185 1956 1223 2017 ab
1245 1958 1322 2030 aliis,
1339 1957 1442 2035 quide
1461 1957 1560 2015 eadem
1576 1958 1696 2018 materia
1717 1959 1840 2037 scripse·

1070 2060 1146 2123 rant,
1169 2058 1204 2105 ut
1223 2045 1261 2105 ab
1282 2044 1480 2117 Eratosthene,
1503 2045 1616 2124 adjecta
1640 2066 1702 2107 esse
1723 2061 1842 2122 constat,

1071 2134 1153 2192 nullo
1166 2135 1236 2193 satis
1257 2146 1337 2193 certo
1358 2134 1525 2192 testimonio
1540 2134 1724 2213 comprobari
1738 2148 1840 2213 potest.

1071 2220 1142 2290 Quae
1152 2223 1230 2279 enim
1244 2241 1262 2280 a
1275 2221 1435 2295 nonnullis,
1446 2234 1478 2278 ut
1488 2240 1505 2278 a
1515 2220 1547 2280 C.
1559 2223 1696 2295 Miillero,
1705 2222 1742 2281 ad
1756 2223 1843 2282 hosce

1071 2306 1163 2367 libros
1177 2309 1214 2366 de
1225 2308 1303 2367 ludis
1317 2309 1460 2385 gymnicis
1474 2309 1562 2367 relata
1583 2322 1652 2367 sunt
1669 2310 1842 2385 fragmenta,

1071 2396 1141 2454 talia
1163 2396 1391 2473 suntpleraque,
1406 2407 1439 2454 ut
1457 2394 1568 2472 majore
1591 2396 1720 2469 fortasse,
1731 2396 1799 2474 jure
1826 2417 1844 2455 e

1069 2482 1185 2541 Potitiis
1197 2482 1348 2561 desumpta
1359 2496 1504 2561 putemus.

1110 2569 1258 2646 Singulari
1278 2571 1365 2648 plane
1391 2590 1457 2628 casu
1471 2571 1577 2629 factum
1592 2581 1646 2644 est,
1675 2584 1707 2629 ut
1731 2572 1842 2630 nullum

1072 2657 1153 2733 quod
1166 2658 1204 2718 ad
1228 2657 1447 2735 Olympionicas
1468 2658 1620 2733 referatur,
1643 2670 1789 2716 servatum
1805 2658 1845 2717 sit

1073 2746 1274 2822 fragmentum.
1293 2746 1336 2803 De
1350 2746 1427 2803 fonte
1443 2746 1520 2804 enim
1541 2748 1619 2805 unde
1638 2744 1842 2806 Eratosthenes

1073 2853 1126 2893 sua
1139 2834 1267 2893 hauserit
1278 2834 1355 2912 apud
1364 2834 1523 2911 Diogenem
1534 2832 1820 2907 mordentium
1834 2854 1843 2895 τ

1074 2922 1154 3000 Δίγτι
1168 2922 1251 2983 δίκαί
1262 2922 1453 3003 Ἐρατοσθένης
1465 2924 1493 2982 fu
1505 2931 1559 2991 τοῖς
1568 2922 1784 3000 Ὀλυμπιονίκαις
1795 2922 1842 2995 τὴν

1074 3008 1180 3087 πρώτην
1206 3008 1252 3067 καί
1271 3008 1469 3086 ἑθδομηκοστὴν
1490 3008 1660 3086 Ὀλυμπιάδα
1682 3006 1844 3079 νινικηκίναι

1073 3098 1117 3156 τδν
1131 3101 1175 3155 τοῦ
1189 3096 1311 3164 Πίσωνος
1324 3094 1438 3175 canipa,
1455 3095 1568 3176 μάρτυρι
1581 3092 1718 3175 χρώμενος
1731 3094 1844 3172 Ἀριστο·

1073 3183 1154 3256 τέλει,
1169 3183 1236 3242 ideo
1249 3182 1378 3242 dubitari
1392 3184 1471 3253 licet,
1487 3182 1567 3260 quod
1581 3182 1666 3259 plura
1684 3181 1721 3240 de
1735 3181 1843 3259 Empe·

1074 3271 1169 3343 docle,
1182 3270 1266 3347 cujus
1280 3269 1329 3328 ille
1343 3282 1426 3348 pater
1440 3269 1543 3335 fuerat,
1555 3282 1723 3327 narraverat
1738 3269 1847 3329 Aristo·

1074 3360 1156 3431 teles,
1163 3358 1195 3417 in
1203 3358 1341 3433 dialogis,
1350 3370 1383 3415 ut
1393 3356 1519 3428 videtur,
1527 3356 1564 3414 de
1574 3355 1682 3415 Poetis.
1692 3356 1736 3416 Cf.
1745 3356 1783 3418 fr.
1796 3379 1843 3420 ιι.

1073 3447 1131 3505 Nee
1140 3446 1372 3521 msgisoertsest
1380 3443 1547 3521 conjectura
1555 3442 1842 3518 Nauelrii,Aristoph.

1074 3529 1843 3611 Byzantsragmpa33,inglossallesychiifpleos:

1073 3612 1113 3687 ie.
1136 3618 1322 3699 ’Ἀριστοφάνης
1346 3619 1374 3677 δί
1397 3619 1480 3696 ὄνομα
1502 3618 1617 3698 δρομέως
1634 3615 1797 3690 νενικηκότος
1817 3618 1844 3675 is

1073 3707 1211 3788 Ὀλυμπία
1234 3707 1340 3767 στάδιον
1355 3708 1429 3766 etin
1448 3708 1575 3783 Etymol.
1591 3707 1631 3769 Μ.
1644 3728 1676 3785 p.
1696 3716 1765 3779 sis,
1783 3714 1843 3781 θρα

1074 3794 1176 3874 Γρίσων
1204 3817 1212 3853 :
1236 3798 1361 3876 δχοῖρος.
1381 3792 1566 3873 Ἀριστοφάνης
1585 3793 1614 3854 di
1637 3817 1701 3877 φησι
1732 3794 1845 3874 emo<

1074 3882 1168 3960 ὄνομα,
1178 3903 1234 3959 pro
1250 3881 1451 3963 Ἀριστοράνης,
1469 3880 1649 3962 Ἀριστοτίλης
1660 3881 1845 3960 scribereju·

1074 3971 1180 4030 bentis.
1196 3971 1282 4041 Quod
1305 3972 1333 4030 si
1353 3983 1508 4043 constaret,
1526 3971 1636 4048 dequo
1655 3989 1742 4050 supra
1762 3970 1845 4029 dixi-

1075 4078 1151 4133 mus,
1168 4059 1362 4132 Aristotelem,
1375 4057 1413 4116 de
1438 4060 1503 4137 ipso
1519 4078 1600 4117 more
1620 4058 1698 4117 etde
1716 4059 1845 4136 praemiis

1075 4139 1211 4206 ludorum
1237 4144 1367 4222 quasdam
1392 4146 1579 4223 praemisisse,
1598 4165 1659 4203 nou
1684 4146 1781 4222 inepte
1807 4143 1844 4201 ad

1073 4232 1148 4292 hano
1155 4232 1381 4311 disputationem
1394 4253 1459 4292 cum
1472 4232 1506 4292 C.
1520 4233 1644 4291 hidllero
1657 4232 1843 4303 referremus,

1075 4339 1141 4397 quse
1173 4321 1206 4379 in
1228 4320 1343 4380 Pseudo
1356 4321 1547 4380 -llristotelis
1575 4320 1680 4378 Mirab.
1712 4319 1844 4378 Auscult.

1074 4484 1220 4536 romscribit
1229 4490 1285 4541 ναῦς
1292 4487 1394 4550 (moer)
1401 4488 1509 4541 απλοίσις
1519 4471 1655 4548 (nauigiis)
1667 4483 1776 4534 differre.
1784 4486 1845 4535 liae

1073 4573 1138 4623 emm
1146 4572 1259 4625 rotunda
1274 4576 1340 4635 sunt,
1354 4573 1404 4623 illo
1415 4586 1475 4623 vero
1485 4572 1560 4623 remis
1572 4560 1702 4621 moventur
1718 4574 1744 4621 et
1756 4570 1846 4621 milita·

1073 4674 1122 4712 res.
1133 4660 1275 4712 Aristoteles
1287 4662 1314 4711 in
1323 4660 1543 4711 iustificationibus
1554 4658 1652 4709 urbium
1665 4659 1699 4709 ait
1718 4658 1843 4710 :Alexan-

1073 4746 1118 4797 der
1132 4746 1254 4799 ilolossus
1271 4747 1319 4797 sub
1330 4746 1395 4796 illem
1406 4750 1513 4809 ternpus,
1524 4744 1660 4794 Tarentinis
1677 4758 1735 4795 eum
1745 4746 1778 4796 sd
1790 4745 1842 4795 bei-

1073 4831 1125 4883 lum
1136 4838 1222 4884 eontrs
1232 4834 1349 4884 barbaros
1365 4832 1497 4896 gerendum
1509 4832 1695 4896 adrocsmibus,
1707 4832 1845 4896 msrigavit

1073 4923 1176 4975 mribus
1194 4925 1342 4989 qundecim,
1355 4923 1488 4988 multoque
1507 4924 1610 4989 navigiis
1625 4938 1703 4989 equos
1714 4929 1739 4976 et
1752 4924 1844 4975 milites

1073 5013 1214 5065 ferentibus.
