4017 5984
896 445 1148 512 iaculantis
1240 511 1251 532 ,
1461 487 1465 500 ·
1759 467 1816 527 313

221 572 313 634 Puris.
330 574 414 648 1570,
429 595 457 656 p.
471 575 522 647 35,
536 575 641 636 Suidas
658 597 683 635 s.
704 575 875 650 v0'Etusltt.
890 579 988 643 Sohol.
1047 586 1506 667 Clasomentuspropterliquefieri
1516 600 1817 674 niuemestoterepleri
1873 559 1880 578 O
1921 635 1926 646 ·

222 663 374 740 Apollonii
390 662 444 724 ilh.
459 661 509 736 lV,
526 665 595 740 269.
1043 671 1163 736 ficarium
1186 679 1239 732 ait.
1256 673 1398 752 Contingit
1419 681 1533 753 quidem
1554 687 1630 738 enim
1645 690 1684 740 sic
1700 695 1814 760 augeri,
1907 719 1910 724 ·

237 763 239 770 ‘
540 797 557 854 3
582 795 669 876 (360).
1046 763 1276 833 quemadmodum
1291 765 1429 841 desimus,
1442 769 1495 824 sed
1506 772 1654 828 multitudo
1673 772 1816 850 inpropors

1035 847 1244 920 'tionatasacta
1257 857 1288 906 in
1302 859 1489 910 eecmscentia
1501 857 1595 928 fluvii.
1607 861 1728 916 Mulutm
1741 869 1815 920 enim

260 933 367 1006 Incipit
376 932 448 988 liber
458 934 630 989 Aristotel
637 935 989 995 isdeimtndacioneNili.
1045 938 1240 1010 superexcedit
1260 957 1344 1012 quam
1368 955 1401 996 ut
1420 931 1578 1000 verisimile
1596 965 1616 1000 a
1643 953 1704 1004 nire
1725 953 1817 1026 lique-

263 1028 383 1103 Prtpter
391 1029 462 1104 quid
479 1026 714 1106 alit'sfluminibus
728 1034 756 1085 in
769 1031 869 1102 lrpemc
882 1034 991 1107 quidem
1037 1017 1125 1093 sacia
1147 1045 1157 1078 ·'
1176 1039 1207 1081 0⁸
1226 1029 1316 1082 miliia
1339 1034 1414 1084 e'iiiii
1438 1033 1549 1087 modica
1561 1034 1603 1106 fil
1623 1053 1714 1109 aqua,
1732 1041 1816 1096 Nilus

220 1120 424 1192 augmentatis,
442 1119 472 1172 in
493 1127 583 1172 estate
598 1129 691 1173 autem
708 1116 991 1189 multosuctismino·
1044 1124 1137 1168 “lilim
1153 1115 1270 1169 millam
1285 1114 1493 1189 illitiiiifimdil
1509 1124 1818 1198 regionemetpmfttn·

220 1205 309 1271 ribus,
334 1205 409 1260 mla,
428 1222 520 1260 eorum
541 1209 588 1279 qm·
610 1209 641 1259 in
665 1223 743 1261 mm
750 1207 991 1278 flaeafltfflupm
1045 1203 1111 1256 dum
1125 1207 1182 1256 ium
1197 1203 1352 1276 aliquando
1369 1211 1456 1261 etiam
1477 1226 1561 1283 siper
1582 1216 1697 1287 triginta
1715 1216 1818 1270 cubitos

220 1303 307 1346 estate
321 1291 435 1347 medis
446 1293 540 1367 fitque
557 1304 650 1348 metm
667 1305 698 1348 ut
716 1298 839 1352 ciuitates
859 1297 928 1353 501ae
946 1317 991 1353 su.
1045 1286 1107 1345 fuit.
1125 1289 1227 1345 Adbuc
1242 1305 1335 1346 autent
1350 1311 1438 1368 neque
1452 1297 1527 1350 locus
1541 1299 1655 1354 videtur
1667 1296 1708 1377 (v.
1724 1301 1742 1359 l.
1765 1321 1819 1356 uu-

214 1384 324 1454 persius
336 1381 418 1435 velut
430 1382 551 1438 insula?
566 1381 669 1437 Crescit
681 1393 774 1438 autem
788 1401 807 1438 a
821 1387 993 1441 versionibus·
1044 1379 1133 1446 delur,
1147 1375 1225 1436 uude
1234 1375 1339 1436 Rosius
1348 1378 1425 1456 conj.
1435 1383 1570 1459 audituri,
1586 1387 1734 1460 tulisputa,
1745 1393 1819 1446 unde

219 1467 504 1542 estivalibusqualibet
512 1471 593 1524 dicet
601 1487 708 1526 rursum
715 1471 847 1526 abscedit.
858 1472 993 1528 Exundat
1041 1464 1175 1540 possibile
1190 1471 1226 1519 sit
1243 1471 1331 1539 ipsum
1352 1467 1437 1522 litere
1449 1488 1470 1523 a
1486 1473 1568 1525 nive:
1583 1471 1723 1548 Ethyopia
1742 1482 1817 1531 euim

219 1556 786 1632 autempcrlabiostuminisaquaetrrors
799 1561 992 1632 sicutquidam
1045 1562 1075 1606 ti
1097 1548 1178 1607 Libia
1198 1552 1397 1609 inhabitabiles
1417 1568 1535 1630 {implet
1556 1571 1659 1628 mlum,
1684 1579 1722 1617 ec
1744 1569 1816 1618 Asia

218 1645 299 1697 aiunt
323 1659 408 1717 siper
429 1655 547 1712 terram,
575 1657 769 1700 verumtamen
792 1649 873 1701 iuxta
903 1653 991 1722 ilum
1044 1640 1208 1696 autemnon
1221 1645 1357 1714 contingit
1368 1647 1457 1716 ipsum
1463 1645 1569 1716 fluere.
1585 1649 1720 1718 drtlwnis
1735 1651 1814 1726 (Xip-

214 1731 329 1800 flurium
337 1737 419 1806 putei
432 1743 580 1807 apparent.
591 1731 675 1789 Circo
686 1734 797 1808 quidem
809 1739 899 1808 ipsum
908 1741 993 1810 igitur
1045 1722 1122 1791 iusi<
1136 1745 1161 1785 ³·
1178 1725 1315 1805 ΣιρὸνΝίε)
1330 1735 1405 1793 euim
1418 1733 1497 1786 lacus
1509 1737 1589 1808 apud
1600 1755 1679 1792 more
1691 1751 1733 1794 est
1747 1741 1819 1794 illud

220 1818 453 1874 suntucciderttia
467 1821 556 1890 talia,
573 1837 688 1875 causam
711 1831 804 1876 autem
825 1836 916 1878 sumat
932 1831 992 1900 quis
1046 1815 1122 1886 quod
1133 1826 1175 1869 est
1189 1819 1269 1869 iusta
1282 1816 1506 1889 Syriamsimjits
1516 1833 1609 1878 aulem
1620 1836 1649 1879 et
1660 1826 1736 1880 rubri
1745 1829 1820 1900 quod

217 1911 259 1959 sic
266 1924 406 1980 quarens.
419 1907 537 1962 Necesse
549 1912 623 1963 enim
635 1918 687 1962 aut
698 1919 785 1964 estate
798 1912 992 1984 prinoipem
1045 1904 1238 1958 interrrtedittm
1262 1906 1341 1958 mille
1363 1907 1458 1960 stadia
1478 1921 1552 1966 sunt.
1565 1911 1689 1966 liubmm
1704 1915 1816 1986 quidem

218 1995 333 2048 aliunde
347 2011 468 2069 quam,
484 2005 537 2050 out
547 1994 648 2067 hyeme
659 1993 770 2066 cosmi
775 2038 787 2069 ,
795 1999 930 2054 videlieet
940 2001 990 2057 de.
1045 2009 1123 2047 mare
1135 1997 1217 2047 aiunt
1229 1993 1345 2066 quidam
1359 1999 1491 2070 coniungi
1512 1999 1553 2052 od
1574 2000 1606 2052 id
1622 2002 1698 2074 quod
1709 2013 1791 2056 extra
1805 2022 1816 2056 .·

217 2099 325 2136 sursum
338 2099 357 2136 a
370 2083 429 2138 sole
441 2093 590 2138 attractam
603 2101 611 2138 :
630 2082 677 2137 iric
687 2087 761 2138 enim
776 2079 926 2156 manifeste
938 2086 990 2143 ltoc
1044 2079 1082 2134 ai>
1102 2077 1156 2135 i1⁰⁰
1167 2080 1280 2154 quidem
1293 2098 1349 2136 ΠΜ
1362 2082 1589 2154 videturfluens,
1604 2086 1643 2140 ab
1657 2085 1711 2142 i10⁶
1723 2100 1816 2144 autem

210 2166 304 2238 satit,
323 2173 416 2225 autin
435 2180 510 2224 terra
523 2171 701 2228 dessicntam.
722 2171 779 2226 Per
795 2189 858 2227 eom
878 2175 990 2246 quidem
1044 2163 1264 2237 immanifestum
1289 2172 1315 2221 Si
1334 2170 1474 2241 Wtibiit·
1493 2171 1611 2226 Nullum
1635 2178 1710 2228 enim
1734 2177 1817 2230 audi·

217 2260 305 2329 igitttr
329 2274 393 2330 qua
417 2259 447 2310 in
470 2255 571 2324 breme
595 2257 765 2314 ablationem
786 2263 828 2312 sic
848 2263 940 2334 utique
961 2266 990 2316 in
1045 2259 1133 2310 timus
1142 2255 1258 2328 dignum
1266 2256 1332 2329 fide
1344 2258 1466 2312 Midum
1479 2259 1516 2313 ἅτ
1529 2260 1612 2316 'iiim
1626 2266 1712 2328 maii,
1726 2274 1816 2318 “lilim

216 2355 304 2400 estate
323 2344 377 2416 liet
396 2349 493 2412 maior,
517 2362 573 2418 per
596 2349 797 2419 appositionem
820 2358 913 2402 nutem
938 2347 989 2405 boc
1043 2347 1131 2416 ipsunt
1148 2361 1202 2418 per·
1214 2361 1244 2397 se
1253 2350 1343 2417 ipsum
1352 2357 1394 2398 est
1405 2357 1457 2400 aut
1468 2351 1736 2421 coniungituradid
1743 2353 1820 2424 quod

216 2434 308 2493 modo.
333 2435 391 2488 Aut
413 2437 487 2488 enim
509 2437 627 2507 propria
652 2444 851 2508 supernatante
872 2447 990 2510 propter
1043 2444 1126 2489 tetra
1145 2433 1280 2488 Brocleas
1292 2434 1465 2508 columpnas.
1478 2437 1616 2510 Deceptus
1627 2448 1671 2491 est
1681 2449 1775 2493 auum
1790 2450 1821 2494 et

215 2521 439 2591 obstmctionem,
457 2522 536 2577 velta
556 2525 642 2577 etiam
662 2523 767 2577 occidit
784 2524 929 2579 canalibus
941 2543 949 2580 ε
963 2529 989 2579 si
1042 2538 1096 2576 reu
1103 2522 1279 2576 Artaxerxes
1288 2520 1382 2578 Olbos
1389 2515 1609 2596 cognominatus,
1616 2525 1728 2598 quando
1735 2520 1820 2601 sup'er

215 2612 289 2664 enim
322 2610 427 2682 aliquis
459 2614 632 2684 intercipiat,
657 2610 753 2683 fluens
787 2623 987 2688 congregaturi
1041 2609 1181 2682 llgyptum
1207 2609 1330 2664 debebat
1356 2612 1491 2669 militare.
1519 2612 1644 2670 conatus
1671 2625 1712 2668 est
1740 2617 1814 2669 enirn

215 2697 480 2752 eucremetadolta
494 2715 504 2752 .·
520 2709 572 2753 out
588 2700 990 2772 alienasupervenientetltoe
1042 2709 1165 2751 orertere
1196 2696 1329 2752 Indorum
1347 2697 1466 2768 flurium
1493 2711 1626 2774 tanquam
1650 2706 1814 2757 existentem

215 2796 307 2840 nutem
318 2784 475 2858 utiquefiet,
489 2789 514 2839 si
520 2781 613 2855 fortes
620 2787 780 2860 plenissimi
787 2785 864 2857 fiant
871 2787 988 2842 aliunde
1042 2785 1177 2850 cundem,
1194 2785 1312 2838 audiens
1322 2789 1391 2856 quia
1404 2787 1567 2842 cocodrillos
1582 2787 1669 2844 ltabet
1682 2793 1816 2862 quemod-

215 2861 451 2946 nds'upematante
470 2888 560 2944 aqua,
577 2883 756 2946 apponantur
776 2885 867 2928 auterrt
893 2878 989 2948 utique
1042 2871 1154 2925 modum
1166 2869 1259 2923 Nilus·
1276 2870 1395 2924 Militat
1406 2883 1499 2926 autem
1513 2874 1555 2926 ad
1565 2886 1679 2929 vocatos
1687 2873 1819 2945 Ortifalos

214 2971 265 3014 orit
277 2961 444 3033 liquescente
454 2961 551 3033 aliquo
565 2972 614 3016 aut
621 2961 747 3035 pluente.
823 2959 826 2972 '
1043 2951 1187 3036 (cadaloc,
1208 2951 1331 3026 omfales
1346 2955 1412 3034 atii)
1426 2960 1546 3030 audivit,
1561 2961 1703 3033 quiafluit
1711 2963 1818 3034 fluvius

255 3049 338 3104 Modi
358 3048 468 3122 quidem
490 3053 575 3122 igitur
593 3050 666 3104 tales
691 3062 721 3105 et
745 3053 831 3116 tanti,
850 3067 906 3123 per
922 3069 988 3124 ques
1042 3051 1072 3100 in
1094 3045 1205 3100 rubrum
1228 3062 1318 3112 mare,
1343 3057 1373 3100 et
1390 3052 1508 3102 cessavit
1528 3067 1547 3103 o
1569 3060 1680 3106 conatu.
1708 3052 1813 3106 lterum

214 3139 305 3209 utique
328 3146 434 3191 crescet
434 3135 540 3206 Jlurius
564 3137 649 3196 solus.
678 3137 782 3192 Horum
816 3147 908 3192 autem
940 3143 989 3211 qui
1039 3151 1203 3208 persuasum
1217 3145 1261 3189 est
1271 3135 1423 3190 dicentibus
1437 3137 1519 3191 Indis
1523 3177 1533 3205 ‚
1551 3141 1620 3211 quio
1624 3139 1731 3209 flarius
1743 3141 1818 3196 alter

213 3225 324 3296 quidem
349 3227 474 3280 esistunt
501 3224 570 3282 dicti
597 3229 678 3298 prius
697 3243 718 3279 a
737 3224 927 3279 dubitantibus
950 3227 987 3281 de
1040 3235 1112 3280 esset
1125 3223 1167 3277 ad
1181 3223 1355 3296 illasportes
1367 3224 1552 3296 Indicflucns
1564 3243 1603 3279 ec
1615 3235 1816 3282 montcvocato

212 3316 285 3385 ipso,
302 3310 355 3366 ltoc
374 3329 423 3366 nos
435 3313 569 3371 dicemus.
584 3314 667 3368 Tales
687 3317 735 3387 qui
746 3313 782 3367 de
796 3315 884 3368 Ameo
898 3312 921 3390 (b
936 3309 984 3374 Ἐ-
1040 3313 1122 3366 Aleto
1142 3307 1239 3386 (cleto,
1262 3320 1358 3377 aceto,
1378 3311 1453 3366 clete
1471 3307 1534 3389 atii)
1541 3350 1552 3379 ‚
1568 3329 1606 3366 ec
1628 3329 1682 3384 quo
1703 3313 1815 3385 quidem

213 3395 305 3472 ξαμίου
320 3396 395 3474 scil.)
412 3401 540 3456 Milesius
562 3419 582 3455 a
599 3407 692 3457 ventis
705 3401 876 3456 annualibus
892 3405 986 3478 repul·
1039 3401 1138 3457 Indus.
1153 3399 1234 3452 Hunc
1246 3409 1341 3452 autem
1353 3397 1602 3454 dicebantlraberc
1613 3400 1775 3456 cocodrillus
1787 3414 1817 3455 et

211 3505 272 3542 sum
285 3489 374 3561 inquit
382 3489 508 3560 fluuium
523 3491 669 3546 inundare.
688 3487 791 3545 Crescit
803 3493 876 3544 enim
896 3495 923 3545 si
945 3493 987 3545 illi
1039 3485 1229 3559 circumfluere
1241 3489 1364 3541 ceterius
1382 3486 1494 3541 rubrum
1512 3505 1608 3555 more,
1623 3491 1677 3542 sire
1699 3507 1815 3543 veraces

213 3575 285 3635 dant
304 3585 332 3628 et
350 3590 367 3628 e
386 3579 498 3650 regione
513 3577 584 3648 fluit
607 3581 737 3652 meorum.
761 3578 873 3632 Accidit
894 3589 985 3634 autem
1038 3580 1097 3630 sint
1118 3573 1170 3629 boc
1191 3573 1315 3628 dicentes
1334 3577 1390 3628 sire
1410 3579 1579 3634 mentientes.
1599 3575 1815 3650 Verumptamert

211 3661 642 3736 contrarium.Supernataterrim
652 3667 693 3720 ad
696 3665 834 3720 modicum
842 3665 983 3736 desubtus,
1039 3679 1092 3716 ree
1103 3661 1216 3716 dicebat
1226 3664 1323 3716 conari
1335 3660 1410 3716 ltunc
1427 3673 1560 3727 avertere,
1579 3663 1631 3716 sed
1647 3668 1736 3736 ipsum
1749 3684 1814 3738 pro·

210 3750 377 3821 principium
399 3759 492 3804 autem
520 3752 682 3824 repletionis
710 3751 822 3806 videtur
845 3751 983 3812 deorsum.
1038 3747 1197 3816 bibuerunt,
1213 3753 1345 3821 quoniam
1359 3745 1538 3824 (quassant)
1554 3751 1596 3804 ad
1615 3768 1711 3806 curam
1737 3751 1813 3807 liaris

211 3834 311 3890 Adbuc
324 3834 396 3889 idem
420 3837 492 3891 alios
512 3838 655 3910 oportebat
672 3842 737 3911 pati
756 3842 849 3910 magis
858 3837 981 3909 fluuios,
1037 3841 1178 3902 miserant,
1190 3836 1311 3891 dicentes
1323 3839 1388 3910 quio
1403 3842 1538 3892 maiorem
1550 3839 1666 3893 destruit
1673 3844 1812 3911 regionem

213 3925 260 3994 qui
281 3939 319 3975 ea
338 3925 464 3997 opposito
482 3925 581 3996 fluunt
600 3928 669 3997 ipsis
689 3929 793 3998 magis,
811 3933 841 3978 et
864 3927 985 3981 minores
1037 3941 1121 3996 quam
1146 3926 1248 3996 accipit
1274 3924 1423 3978 dominans
1443 3924 1589 3997 Egypciis.
1612 3927 1653 3978 De
1669 3930 1813 4000 principio

211 4013 359 4064 existentes
369 4007 480 4080 sttciles
493 4023 557 4067 sunt
573 4017 635 4088 cogi
653 4031 672 4066 o
694 4015 797 4071 ventis.
813 4011 986 4085 Frequenter
1038 4013 1149 4086 quidem
1162 4011 1237 4066 unde
1247 4015 1353 4067 existat
1353 4011 1449 4084 fluens
1459 4012 1542 4067 Nilus
1555 4023 1585 4067 et
1596 4009 1725 4068 derubro
1738 4020 1813 4069 mari

211 4108 305 4152 autem
321 4109 351 4152 et
362 4101 499 4156 annuales
511 4119 585 4155 rrunc
593 4101 690 4173 flant,
697 4099 805 4173 fluvius
817 4109 909 4154 autent
929 4121 984 4158 non
1036 4099 1088 4155 lioc
1102 4101 1206 4169 modo,·
1215 4111 1266 4154 out
1277 4101 1427 4155 secundum
1439 4117 1521 4174 quern
1532 4099 1724 4172 Atitinogorns
1741 4103 1813 4156 dice·

210 4186 325 4240 videtur
339 4187 412 4241 idern
425 4183 544 4250 faciens.
1037 4189 1250 4243 botArimrtisti.
1272 4189 1330 4242 Ille
1348 4193 1423 4243 enim
1443 4193 1533 4262 inquit
1547 4206 1632 4243 unum
1652 4207 1711 4243 esse
1733 4208 1811 4245 mare

250 4276 490 4346 Diogenesautem
502 4276 698 4332 Noliritemius
711 4275 786 4353 (scii.
802 4273 983 4336 insumul·
1038 4275 1116 4346 thd
1136 4274 1248 4328 rubram
1258 4286 1289 4329 et
1300 4276 1377 4350 quod
1388 4285 1472 4330 extra
1487 4277 1623 4331 Eraclens
1635 4277 1808 4350 schirpam,

212 4360 295 4432 μιδος)
309 4362 501 4436 Apolloniates
506 4361 637 4435 fontibus
650 4369 692 4420 ait
700 4365 769 4420 addi
781 4383 884 4440 aquom
898 4377 984 4421 attro-
1037 4359 1130 4416 nicliil
1144 4362 1261 4436 dignum
1274 4364 1316 4416 nd
1327 4364 1549 4432 confirmandum
1565 4364 1606 4418 od
1613 4382 1708 4439 regem
1719 4366 1811 4419 dicen·

209 4449 290 4510 iente
302 4462 376 4504 terra
385 4463 499 4524 propter
509 4453 621 4527 arefieri
630 4471 649 4508 a
661 4455 720 4508 sole
730 4457 760 4508 in
769 4465 866 4509 estate.
875 4455 981 4510 Natum
1036 4461 1089 4504 tem
1103 4447 1156 4526 (itu
1166 4445 1251 4507 codd.
1260 4447 1364 4508 Rosius
1375 4451 1487 4525 dicens).
1498 4453 1593 4507 Totum
1607 4465 1700 4508 autem
1718 4458 1810 4507 marti-

210 4555 269 4592 rsse
282 4542 356 4592 enim
372 4539 502 4612 indigens
515 4539 627 4596 trabere
642 4543 852 4615 eupropinquo.
869 4543 981 4596 Accidit
1026 4534 1218 4611 sestumqttod
1224 4539 1359 4612 siquidem
1369 4558 1405 4595 ee
1415 4540 1467 4595 lioc
1481 4541 1646 4613 montefluit
1658 4538 1809 4615 liquefacta

209 4634 302 4678 aretem
325 4636 353 4679 et
370 4623 434 4680 huic
453 4645 537 4681 unum
564 4630 685 4702 quidem,
715 4631 781 4700 quia
799 4625 982 4700 frigidissimi
1033 4631 1107 4691 nire,
1123 4625 1315 4681 subcontrario
1339 4631 1427 4683 multa
1436 4630 1542 4702 fierent
1563 4627 1620 4683 iilis
1639 4647 1723 4702 quam
1736 4646 1809 4681 nurrc

210 4722 297 4766 estate
317 4714 394 4785 quod
407 4716 557 4771 securtdum
578 4726 680 4771 terram
706 4728 761 4786 est⁴
778 4715 868 4770 trahit
885 4727 978 4772 antem
1033 4712 1163 4765 accidunt
1172 4717 1248 4765 circa
1262 4719 1362 4786 ipsum.
1378 4717 1463 4770 Mons
1475 4721 1552 4769 enim
1568 4719 1619 4769 istc
1629 4714 1809 4770 intermedius

209 4815 291 4852 omne
300 4799 422 4856 calidum
439 4806 561 4859 existens
573 4814 603 4859 et
614 4805 726 4878 quando
742 4807 837 4877 utique
856 4807 980 4860 manime
1035 4799 1192 4874 Etbyopum
1217 4814 1247 4856 et
1279 4804 1412 4858 Indorum
1446 4805 1535 4859 distat
1568 4808 1663 4858 itinere
1688 4805 1807 4876 quinque

199 4881 299 4968 suerit
317 4887 453 4947 calidum.
470 4890 569 4946 Adbuc
587 4902 692 4959 autem,
717 4893 784 4966 quia
804 4892 877 4946 alios
897 4911 978 4965 opor-
1033 4893 1318 4960 mensium,utar·unt.
1334 4888 1442 4962 Differt
1455 4897 1546 4946 eciam
1559 4903 1692 4964 quantum
1705 4885 1809 4960 dissert

209 4969 394 5044 tebatsturios
417 4993 464 5031 eos
485 4982 535 5052 qui
554 4981 584 5032 irt
602 4979 687 5035 Libia
701 4981 773 5034 idem
785 4975 898 5047 facere.
914 4981 980 5035 Non
1029 4977 1124 5044 fluxus
1135 4978 1235 5052 longus
1249 4991 1299 5032 out
1312 4979 1400 5034 brevis
1411 4999 1419 5034 .·
1426 4981 1575 5052 fluentium
1587 4977 1707 5032 enirnde
1717 4995 1807 5050 prope

208 5061 281 5114 enlm
299 5063 481 5134 singulariter
502 5067 589 5121 solmu
607 5062 659 5144 (sol
677 5061 755 5141 conj.
770 5061 888 5144 Rosius)
903 5067 981 5121 illius
1030 5069 1152 5136 primurn
1163 5071 1289 5139 pervenit
1299 5068 1400 5139 fluxus
1409 5070 1564 5140 plurimus,
1585 5069 1614 5118 in
1626 5065 1693 5139 fine
1713 5077 1805 5120 autem

206 5145 444 5218 de'siccatfontes.
1035 5156 1124 5207 minor
1137 5163 1220 5226 atque
1236 5153 1379 5227 deficiens.
1394 5157 1496 5232 Eorum
1511 5165 1604 5206 autem
1615 5158 1664 5226 qui
1674 5171 1694 5207 a
1704 5155 1786 5227 longe
1793 5195 1803 5225 ‚

248 5237 438 5310 Anaxagoras
445 5251 538 5296 autem
546 5241 684 5313 Egisiboli
695 5235 977 5316 [scilfilrusdoiiod
1031 5245 1124 5313 primo
1132 5243 1243 5315 quidem
1255 5248 1361 5314 minus,
1373 5248 1403 5298 in
1404 5244 1469 5317 fine
1475 5254 1566 5297 autem
1576 5247 1802 5316 copiosissirrrum,
