4017 5984
183 495 249 555 '310
733 492 977 557 ARISTOTELIS
999 496 1249 558 FRAGMENTA.

182 624 285 691 δτοὺς
297 625 446 690 Πίτλους
458 627 534 683 ouri
544 621 592 690 τίς
605 623 837 703 Ἀριστοτέλης
849 626 888 705 (ι)
902 624 955 695 ἐξί-
1010 628 1067 701 ίοτ,
1081 628 1117 688 de
1126 630 1315 708 compilatore
1328 631 1427 709 potius
1443 632 1569 709 quodam
1581 636 1640 711 agi,
1649 656 1737 713 quam
1749 638 1787 697 de

184 718 243 773 θττο
267 716 320 773 τῶν
343 711 459 791 ἀρχαίων
482 710 527 770 καί
549 713 668 770 παλαιῶν
695 710 819 789 ἀγώνων,
836 716 955 773 minime
1010 717 1154 791 scriptore
1168 717 1264 793 qualis
1284 718 1451 777 Aristoteles
1471 720 1666 797 philosophus
1681 724 1744 783 linit.

183 800 305 860 dubium
319 800 469 876 relinquit,
481 799 597 877 quinab
609 801 766 863 Aristotele
776 801 954 879 philosopho
1050 805 1096 887 Ad
1119 804 1181 864 haec
1200 825 1271 864 vero
1296 826 1350 885 per
1364 826 1395 865 se
1414 808 1475 883 jam
1494 810 1565 867 satis
1588 812 1689 885 gravia
1705 816 1786 872 testi·

182 891 272 950 alium
297 889 459 967 quendam,
482 888 567 967 Pepli
590 902 755 963 auctorem,
776 891 955 966 distinguere
1009 893 1120 964 monia,
1136 894 1201 952 aliae
1216 907 1356 971 praeterea
1370 894 1509 953 accedunt
1522 897 1660 970 rationes,
1677 899 1785 975 quibus

181 977 320 1037 voluerit.
335 978 427 1053 Auget
440 989 468 1035 et
480 977 634 1035 confirmat
651 976 726 1035 hanc
744 978 954 1039 dubitationem
1010 979 1140 1037 adducor
1151 993 1184 1038 ut
1195 980 1316 1058 Peplum
1327 979 1471 1056 Stagiritae
1484 972 1711 1059 abjudicandum
1721 1004 1784 1044 esse

183 1064 328 1140 pessimus
342 1064 461 1141 quidem
483 1078 596 1137 auctor,
610 1064 661 1123 sed
673 1066 704 1123 in
720 1066 803 1143 cujus
826 1068 954 1144 sterqui·
1009 1087 1154 1125 censeam.
1172 1067 1208 1125 Et
1221 1068 1340 1145 quidem
1356 1068 1484 1146 primum
1500 1071 1617 1129 titulum
1635 1072 1667 1129 in
1686 1073 1784 1131 indice

181 1150 257 1209 linio
267 1152 665 1229 pluralatentreconditioris
673 1154 813 1213 doctrinae
822 1156 954 1231 vestigia.
1009 1156 1151 1230 Diogenis
1175 1155 1275 1212 deesse
1293 1156 1375 1214 nullo
1391 1156 1479 1214 modo
1495 1160 1594 1234 negari
1615 1174 1721 1238 potest.
1740 1161 1784 1218 De

180 1238 250 1317 lpsa
263 1240 353 1299 verba
369 1239 525 1318 dequibus
541 1242 648 1317 agitur,
659 1239 783 1301 ioannis
796 1242 908 1301 'laetaae
923 1244 954 1303 in
1009 1241 1064 1299 hac
1074 1260 1106 1299 re
1117 1243 1348 1301 satisinfeliciter
1357 1243 1612 1305 Schneidewinum
1619 1248 1783 1326 disputasse

180 1324 346 1403 Prolegom.
362 1329 393 1386 in
408 1328 527 1389 llesiod.
541 1332 595 1407 Op.
607 1343 636 1388 et
654 1329 690 1390 D.
707 1349 736 1407 p.
757 1330 791 1387 15
810 1330 857 1389 ed.
870 1331 954 1391 Gais-
1009 1344 1092 1407 puto.
1105 1331 1176 1399 Quae
1187 1331 1264 1388 enim
1277 1332 1371 1391 voluit
1381 1334 1428 1392 vir
1437 1334 1621 1395 doctissimus
1628 1336 1658 1415 (l.
1672 1337 1691 1396 l.
1702 1358 1732 1415 p.
1746 1356 1783 1395 ro

179 1414 475 1487 sord,ubilaudatur
492 1438 499 1472 ε
518 1414 760 1493 Ἀριστοτέλης,
775 1422 789 1475 ὁ
803 1418 951 1498 φιλόσοφος,
1009 1418 1082 1495 sq),
1104 1417 1251 1496 duplicem
1272 1420 1371 1498 operis
1397 1421 1487 1480 luisse
1511 1422 1625 1481 titulum
1648 1422 1783 1493 Πίτλοςῆ

180 1503 281 1576 μᾶλλον
295 1504 317 1560 δ’
332 1493 406 1577 οἶμαι
421 1506 435 1559 ὁ
449 1500 508 1567 τοὺς
522 1500 643 1569 Πίττλους
656 1503 791 1578 συντάξας,
805 1508 831 1563 ἐν
846 1510 878 1584 τῇ
894 1505 954 1586 ’Dp-
1008 1497 1139 1563 Ἀτακτα·
1156 1503 1247 1583 βιίίλία
1262 1504 1307 1578 ιδ’,
1321 1507 1361 1564 ita
1374 1520 1421 1579 ut,
1432 1510 1533 1586 priore
1550 1509 1668 1584 omisso,
1684 1521 1782 1589 poste·

179 1588 309 1667 χομενίων
325 1588 468 1668 Πολιτεία),
491 1590 662 1668 praeclarum
686 1591 750 1668 ejus
770 1592 821 1669 qui
837 1593 953 1671 scripsit
1009 1594 1073 1651 rior
1103 1593 1303 1651 tantummodo
1336 1596 1414 1673 apud
1446 1597 1606 1671 Diogenem
1635 1596 1782 1655 Laertium

178 1678 297 1755 ineptiae
314 1677 519 1736 documentum
533 1679 687 1751 exhibent,
701 1681 810 1758 quippe
831 1700 911 1757 quae,
926 1682 952 1739 si
1009 1678 1090 1759 (στρ)
1106 1680 1319 1754 nominaretur,
1335 1686 1392 1741 vix
1413 1683 1554 1742 credibile
1577 1684 1682 1741 efficiet
1703 1684 1783 1760 quod

177 1783 211 1822 ea
235 1784 253 1823 e
274 1765 354 1823 nrrdo
375 1786 462 1825 sensu
489 1768 675 1845 interpretari
702 1788 853 1840 conamur,
877 1770 951 1827 nihil
1008 1768 1086 1846 apud
1102 1767 1220 1827 Suidam
1240 1770 1349 1845 iegitur
1363 1791 1389 1833 s.
1403 1792 1434 1831 ν.
1449 1771 1600 1850 Εὐφορίων,
1614 1769 1782 1851 llo-laoniae

176 1852 257 1910 aliud
266 1854 440 1928 significent,
453 1874 539 1931 quam
553 1856 735 1913 Aristotelem
744 1856 950 1935 philosophum
1007 1856 1108 1914 τίτακτα
1120 1902 1128 1934 ,
1138 1855 1194 1935 ἔχει
1206 1856 1257 1936 γὰρ
1270 1862 1409 1937 συμμιγεῖς
1419 1857 1550 1939 ἱστορίας,
1559 1880 1624 1917 cum
1635 1859 1782 1936 Anonymi

179 1939 216 1997 ab
227 1941 280 1998 illo
296 1942 347 2018 qui
363 1942 485 2001 Politias
497 1957 525 2001 et
540 1943 661 2021 Peplum
676 1947 887 2023 composuerit,
908 1946 951 2005 di·
1007 1943 1105 2001 indice
1116 1944 1253 2002 collatum
1267 1966 1274 2000 z
1288 1944 1406 2004 Πίτλον·
1417 1946 1535 2023 περιέχει
1543 1943 1570 2002 δὲ
1580 1944 1696 2024 ἱστορίαν
1711 1943 1781 2019 σίμ-

176 2046 295 2087 versum
321 2030 421 2091 luisse.
444 2030 516 2099 Quae
543 2045 599 2089 tam
632 2030 757 2091 absurda
785 2045 829 2091 est
852 2036 951 2111 opinio
1008 2054 1112 2108 μικτον.
1129 2032 1246 2109 Duplex
1262 2033 1372 2094 mentio
1387 2034 1470 2112 Pepli
1487 2054 1553 2112 quae
1574 2033 1651 2111 apud
1667 2034 1784 2110 Anony-

179 2127 295 2195 tamque
306 2119 403 2177 aliena
417 2138 433 2175 a
448 2120 537 2178 totius
553 2120 735 2197 antiquitatis
747 2140 907 2193 consensu,
920 2136 952 2180 ut
1008 2140 1087 2177 mum
1102 2123 1145 2193 fit,
1165 2122 1240 2179 nunt
1254 2120 1341 2181 habet
1351 2123 1430 2202 quod
1452 2124 1604 2193 miremur,
1619 2144 1709 2198 quum
1728 2124 1782 2182 du·

176 2222 259 2278 eam,
276 2204 345 2263 licet
370 2205 460 2263 Rosio
490 2207 623 2266 arriserit
640 2208 670 2284 (l.
692 2209 714 2267 Ι.
735 2228 763 2286 ρ.
791 2208 870 2283 565),
897 2229 951 2285 ego
1006 2210 1071 2283 plex
1092 2208 1130 2265 sit
1143 2206 1209 2284 ejus
1224 2208 1314 2267 index
1329 2229 1337 2269 :
1353 2209 1401 2268 bis
1417 2230 1489 2269 vero
1503 2211 1535 2268 in
1555 2210 1655 2268 eadem
1674 2209 1780 2268 indicis

176 2310 214 2348 ne
226 2290 339 2349 'laetzae
352 2293 469 2369 quidem
483 2296 613 2354 tribuere
624 2296 771 2356 auderem.
781 2297 858 2365 Quid
868 2316 951 2370 vero,
1006 2306 1090 2372 parte
1102 2295 1226 2352 eundem
1239 2310 1430 2355 memoratum
1447 2317 1509 2356 esse
1527 2298 1653 2367 librom,
1666 2317 1725 2355 non
1739 2310 1783 2354 est

173 2379 201 2437 si
223 2378 312 2438 homo
339 2381 449 2440 sciolus
476 2396 563 2460 atque
588 2383 728 2442 doctrinae
758 2386 951 2461 undecunque
1008 2401 1061 2440 cur
1084 2383 1246 2441 credamus.
1262 2388 1302 2441 De
1326 2385 1410 2443 libris
1425 2383 1556 2443 Ἀτοίκτων
1581 2384 1657 2462 apud
1672 2384 1781 2458 Dioge-

175 2482 298 2547 ameptae
313 2470 518 2543 incontinens,
533 2472 671 2531 inductus
683 2474 801 2531 tortasse
813 2474 859 2531 vet
875 2494 951 2533 men·
1006 2490 1087 2542 nem,
1104 2490 1178 2547 quos
1195 2470 1268 2527 male
1284 2470 1438 2528 Διατάκτων
1461 2470 1497 2529 ιδ’
1510 2471 1629 2528 nomine
1651 2482 1781 2527 recenset

176 2558 258 2615 tione
272 2559 410 2636 Dionysii
425 2559 726 2638 cyclographi‚quam
743 2565 773 2617 in
787 2563 949 2638 praeceden-
1007 2558 1179 2635 Anonymus
1208 2558 1340 2636 (fortasse
1364 2557 1540 2618 Ἀδιατοίκτων
1575 2556 1688 2628 voluit,
1721 2558 1781 2615 nisi

176 2643 256 2703 tibus
276 2646 380 2705 iecerat
394 2648 444 2725 (cl.
463 2647 578 2709 Miiller.
591 2647 706 2723 Fragm.
721 2648 795 2709 llist.
815 2648 863 2725 gr.¹
873 2664 895 2710 t.
911 2650 948 2722 ll,
1006 2646 1138 2724 priorem
1151 2646 1292 2724 syllabam
1307 2648 1408 2705 rnalee
1422 2647 1552 2725 sequenti
1567 2647 1652 2704 titulo
1663 2649 1780 2704 Δικατω·

175 2753 207 2811 p.
226 2754 261 2791 ro
284 2747 313 2792 et
334 2735 445 2810 bergk,
468 2735 565 2794 Poetae
585 2740 642 2813 lyr.
665 2756 710 2811 gr.
729 2757 759 2815 p.
783 2738 841 2805 648
857 2758 886 2797 n.
902 2738 948 2797 ed.
1006 2733 1097 2810 μοίτων
1117 2748 1208 2793 ortam
1226 2736 1340 2813 putes),
1355 2736 1427 2813 quid
1447 2735 1629 2794 statuendum
1651 2737 1690 2793 sit
1710 2737 1781 2794 satis

176 2822 299 2900 tertia),
325 2825 371 2882 rel
395 2824 473 2901 quod
497 2824 533 2883 de
557 2826 712 2904 sepulcrali
741 2824 825 2883 titulo
854 2828 950 2901 agitur
1004 2822 1128 2881 difficile
1143 2838 1187 2883 est
1200 2823 1309 2882 dicere.
1326 2824 1393 2882 Sive
1415 2823 1511 2895 enim,
1529 2842 1594 2900 quae
1606 2836 1649 2880 est
1663 2823 1780 2898 llergltii

175 2928 262 2986 quem
284 2914 315 2969 iu
337 2910 430 2989 Peplo
443 2932 562 2991 quoque
575 2913 701 2989 legerat,
717 2926 877 2992 temperare
891 2934 949 2973 non
1004 2912 1147 2981 sententia
1159 2912 1269 2992 [Poetae
1279 2912 1338 2991 lyr.
1350 2933 1394 2989 gr.
1409 2933 1437 2991 p.
1453 2914 1511 2986 647
1527 2913 1598 2989 sq),
1611 2911 1660 2968 hic
1672 2911 1780 2983 titulus,

175 2999 282 3075 potuit,
295 3001 367 3075 quin
379 3000 454 3058 hanc
468 3020 547 3059 suam
563 3002 633 3059 satis
645 3002 745 3078 inepto
756 3002 822 3059 loco
832 3000 950 3059 adderet
1004 2998 1041 3057 ab
1056 3000 1108 3058 illo
1124 3001 1176 3077 qui
1191 3001 1342 3059 volumina
1355 3001 1532 3059 Aristotelea
1552 3000 1713 3072 recensuit,
1729 2999 1780 3057 ad·

176 3087 394 3163 conjecturam?
417 3092 451 3145 ln
475 3107 533 3164 qua
557 3088 631 3145 nihil
658 3092 720 3145 veri
744 3089 839 3146 inesse
862 3100 947 3165 puto,
1003 3086 1083 3145 ditus
1092 3102 1136 3145 est
1145 3088 1362 3146 commentariis
1372 3107 1447 3165 quos
1459 3087 1546 3145 rudes
1556 3100 1585 3145 et
1596 3086 1780 3165 imperfectos

176 3188 283 3256 praeter
311 3174 386 3233 illud
413 3189 526 3246 tanten,
554 3176 632 3252 quod
655 3174 739 3252 Pepli
764 3190 910 3235 auctorem
932 3198 949 3236 a
1002 3176 1161 3253 reliquerat
1174 3176 1382 3251 philosophus,
1398 3177 1508 3253 quique
1525 3178 1622 3233 varias
1638 3173 1777 3233 observa·

175 3261 353 3343 philosopho
362 3262 510 3319 diversum
522 3280 586 3319 esse
596 3259 722 3320 obscura
734 3263 858 3340 quadam
874 3264 948 3322 lama
1003 3263 1096 3320 tiones
1122 3263 1305 3320 continentes
1327 3275 1395 3337 post
1416 3261 1480 3338 ejus
1506 3275 1627 3320 mortem
1653 3260 1778 3338 denique

172 3350 314 3411 audierat.
330 3348 416 3419 Quod
432 3362 460 3407 et
476 3350 550 3407 alius
571 3347 636 3426 ejus
657 3350 740 3408 locus
754 3364 883 3411 testatur.
904 3352 948 3410 lta
982 3358 985 3363 '
1002 3370 1067 3407 cum
1082 3351 1149 3408 aliis
1164 3350 1312 3409 similibus
1325 3347 1439 3427 publici
1449 3362 1514 3406 sunt
1522 3349 1600 3425 juris
1611 3349 1687 3422 iacti,
1701 3348 1774 3421 sive,

172 3440 290 3498 enimin
305 3438 420 3496 Comm.
434 3438 470 3495 ad
486 3437 632 3516 Lycophr.
647 3458 678 3497 r.
693 3440 751 3507 448
766 3437 819 3497 :‘0
831 3437 949 3516 ’Λγκαῖος
1001 3437 1081 3513 quod
1102 3456 1156 3513 ego
1175 3436 1366 3495 verisimilius
1378 3448 1467 3512 puto,
1485 3456 1575 3513 quum
1590 3438 1717 3514 aprime
1731 3436 1778 3493 in·

173 3526 228 3593 υίὸς
246 3524 282 3583 ὢν
300 3527 462 3593 Ποστιδῶνος
479 3526 525 3584 καί
540 3524 734 3593 Ἀστυπαλαίας
758 3530 804 3597 τῆς
825 3526 948 3594 Φοίνικος
1001 3524 1076 3583 dicis
1091 3524 1245 3583 conditore
1268 3524 1396 3602 positum
1411 3537 1504 3595 esset,
1524 3536 1555 3581 ut
1574 3538 1665 3582 totum
1687 3542 1778 3598 genus

174 3614 312 3696 ίρίττυσσν
331 3612 450 3689 ἄμπελον
470 3610 539 3672 κατὰ
561 3613 797 3693 Ἀριστοτέλην
821 3613 865 3673 τὸν
888 3613 947 3682 τοὺς
1001 3612 1147 3670 librorum
1160 3611 1336 3687 designaret,
1348 3611 1536 3669 librariorum
1552 3610 1656 3669 deinde
1676 3628 1777 3669 errore

175 3702 295 3767 Πίπλους
311 3702 483 3773 συντάξαντα.
505 3702 572 3761 llaec
596 3703 629 3759 in
651 3702 814 3761 Samiorum
840 3703 948 3763 Politia
1002 3699 1038 3757 ad
1049 3701 1197 3777 peculiare
1207 3699 1441 3778 quoddamopus
1451 3699 1621 3757 translatum
1631 3711 1683 3757 est.
1691 3698 1777 3766 Quod
1805 3738 1808 3745 -

173 3791 211 3851 de
230 3792 330 3849 Ancaei
352 3792 523 3851 viticultura
546 3804 666 3851 narrata
687 3792 776 3850 luisse
801 3812 865 3850 cum
890 3794 947 3851 alia
1001 3786 1027 3845 si
1050 3787 1265 3846 Schneidewini
1288 3789 1477 3858 sententiam,
1504 3788 1550 3846 cui
1579 3805 1713 3845 assensus
1735 3799 1777 3843 est

172 3878 383 3953 demonstrant,
392 3893 453 3938 turn
464 3880 626 3957 presertim
637 3878 798 3937 Heraclidis
806 3878 947 3959 Excerpta
999 3874 1142 3955 lliillerus
1159 3876 1272 3953 Fragm.
1289 3876 1363 3936 Hist·
1376 3896 1419 3951 gr.
1445 3889 1464 3936 t.
1477 3873 1518 3948 ll,
1537 3896 1568 3953 p.
1588 3876 1655 3951 189,
1669 3874 1778 3952 proba-

172 3967 221 4046 (cl.
236 3987 324 4044 supra
339 3968 443 4042 fragm.
458 3968 544 4046 567),
558 3970 599 4026 ita
612 3979 659 4039 ut,
678 3967 746 4027 licet
760 3968 888 4045 ejusdem
905 3972 947 4029 rei
1001 3982 1097 4022 remus
1106 4009 1115 4038 ,
1124 3966 1233 4023 mirum
1245 3964 1378 4043 proiecto
1390 3963 1490 4022 baberi
1500 3975 1616 4039 posset,
1630 3976 1778 4020 auctorem

170 4055 202 4114 in
211 4056 303 4135 Peplo
325 4074 443 4133 quoque
454 4058 563 4115 mentio
580 4056 644 4115 fieri
663 4057 802 4134 potuerit,
821 4056 947 4117 libenter
1000 4050 1071 4110 libri
1088 4057 1134 4110 cui
1151 4053 1252 4111 titulus
1266 4049 1382 4110 Ἀτακτα
1398 4052 1491 4125 leret,
1511 4050 1558 4108 bis
1577 4070 1594 4106 a
1614 4048 1720 4106 Taetze
1733 4048 1776 4106 τὸν

170 4143 364 4215 crediderim,
384 4140 433 4201 hic
457 4162 559 4202 rursus
583 4142 717 4201 Taetaem
744 4146 947 4223 intempestive
1002 4139 1165 4207 novatam
1179 4138 1288 4197 dictum
1306 4138 1406 4197 fuisse·

173 4230 309 4289 doctrina
326 4231 449 4291 abusum
464 4250 535 4292 esse.
1041 4227 1174 4285 Ceterum
1199 4246 1284 4285 nemo
1308 4238 1352 4284 est
1371 4227 1444 4303 quin
1464 4224 1564 4284 videat
1584 4223 1676 4302 ipsam
1700 4221 1773 4277 hanc

210 4316 405 4376 Praeterillud
421 4338 490 4377 sero
507 4317 585 4395 quod
596 4305 746 4395 bucusque
765 4324 945 4395 notavimus,
1000 4318 1083 4394 Pepli
1094 4316 1317 4393 inscriptionem
1331 4335 1418 4392 quam
1428 4314 1601 4391 longissime
1613 4309 1649 4369 ab
1664 4308 1775 4365 Aristo·

171 4404 253 4463 aliud
268 4424 386 4481 quoque
400 4419 443 4465 est
457 4406 493 4464 de
512 4426 571 4483 quo
589 4408 774 4466 consentiunt
787 4405 947 4467 Scholiasta
999 4404 1065 4461 telis
1075 4402 1261 4481 simplicitate
1271 4401 1444 4474 abhorrere,
1456 4420 1546 4479 (11111111
1557 4410 1657 4457 1011ηᾶ
1667 4397 1776 4473 ⁰Pll¹¹¹⁰

172 4490 310 4554 Aristidis
333 4504 419 4568 atque
445 4492 574 4552 'laetzes
599 4492 696 4562 Quum
721 4494 800 4552 enim
826 4514 886 4553 non
911 4495 947 4554 de
1000 4491 1228 4548 conveniat'cum
1239 4492 1435 4569 posteriorum
1445 4491 1619 4567 scriptorum
1630 4482 1775 4542 intalibus

169 4582 274 4657 Peplo,
291 4579 358 4652 sed,
373 4579 482 4657 plurali
499 4600 632 4655 numero,
648 4580 684 4639 de
697 4585 805 4657 Peplr's,
818 4582 946 4659 loquan.
1000 4578 1126 4637 ridicula
1137 4598 1213 4658 saepe
1225 4579 1469 4655 elegantiaatque
1482 4574 1646 4635 festivitatis
1667 4570 1774 4643 studio,

171 4678 231 4739 tur,
247 4666 336 4725 totius
360 4668 458 4745 operis
481 4668 580 4743 plures
599 4668 690 4727 libros
710 4670 799 4727 luisse
817 4670 947 4729 indicare
999 4667 1097 4745 quod,
1120 4667 1220 4725 multis
1249 4666 1392 4742 congestis
1414 4664 1573 4741 exemplis,
1590 4680 1643 4719 nec
1665 4659 1775 4717 omisso

171 4754 321 4828 videntur,
339 4775 463 4833 quorum
480 4755 589 4831 singuli
603 4755 724 4815 sortasse
739 4756 862 4837 Peplum
883 4760 945 4817 elli·
999 4754 1148 4833 ltocl‘epli
1162 4753 1292 4827 nomine,
1308 4752 1345 4811 ab
1361 4753 1436 4812 Aulo
1445 4751 1541 4809 Gellio
1555 4750 1587 4807 in
1602 4747 1777 4806 Praelatione

172 4841 299 4904 ciebant.
315 4844 400 4913 Quod
414 4844 519 4903 deinde
535 4843 705 4903 Aristoteles
717 4844 873 4906 laudaturi
887 4844 946 4913 τοὺς
999 4844 1134 4903 Noctium
1145 4842 1297 4902 atticarum
1308 4854 1437 4900 notatum
1446 4837 1593 4908 esthod
1600 4836 1637 4896 ad
1647 4835 1776 4896 nominis

174 4928 298 4997 Πίτλους
314 4930 438 5000 συντάξας
452 4933 515 4991 sire
531 4929 648 5004 συνθνίς,
663 4931 802 5007 ostendit,
816 4934 875 4993 nisi
891 4934 945 4992 lal-
999 4932 1143 5007 originem
1168 4932 1287 5003 attinet,
1311 4930 1347 4988 de
1369 4947 1404 4987 ea
1426 4926 1536 5003 optime
1556 4923 1693 4984 disseruit
1711 4921 1774 4981 Jos.

998 5018 1139 5095 Scaliger,
1155 5019 1188 5077 in
1209 5018 1292 5077 Notis
1315 5016 1352 5073 ad
1375 5014 1519 5072 Catalecta
1532 5012 1651 5091 Virgilii
1665 5032 1696 5091 p.
1711 5011 1775 5077 48:

999 5109 1083 5179 Quod
1088 5110 1204 5183 peplum
1216 5110 1352 5163 Minervoe
1356 5101 1486 5175 serretur
1494 5109 1524 5158 in
1535 5102 1769 5169 Panathenaicis,

196 5158 226 5214 (Ι)
233 5159 267 5204 nr
276 5161 332 5206 olltn
340 5164 491 5219 econleelura
501 5164 642 5222 sertpstt't'o.
650 5163 732 5221 Bergk,
743 5175 787 5223 pto
798 5166 831 5223 τίς
845 5166 946 5223 πέπλους

109 5228 112 5236 ⁴
167 5230 351 5293 mmm
369 5236 527 5291 mmm
548 5234 696 5283 mmm,
713 5234 766 5281 m·
783 5234 941 5283 mmm
995 5199 1076 5272 pleni
1088 5206 1153 5252 sunt
1164 5198 1323 5251 Graecorum
1338 5198 1564 5253 commentarii...
1579 5196 1661 5248 Ineo
1671 5195 1774 5267 pinge·

167 5297 239 5347 auto
251 5298 375 5357 lasmctnr.
998 5285 1101 5339 banne
1124 5302 1189 5351 acu,
1212 5287 1267 5337 sive
1289 5279 1488 5337 intexebantur
1505 5278 1729 5337 Timomachioe
1746 5284 1777 5352 et
