4017 5984
408 829 438 866 ιν
460 818 465 828 ’
957 809 1174 870 PuAEttTtO.

410 943 487 1040 ipso
505 938 717 1012 Casaubono
734 941 840 1033 valet,
867 942 931 1038 qui
945 967 1060 1038 quum
1076 940 1214 1014 acerbis
1234 941 1354 1013 verbis
1381 967 1527 1041 operam
1555 969 1664 1041 quam
1693 945 1728 1015 iu

408 1063 614 1161 colligendis
627 1063 900 1160 deperditorum
912 1065 1119 1163 philosophi
1132 1064 1309 1136 librorum
1321 1065 1480 1163 reliquiis
1493 1068 1730 1140 collocaverat

410 1189 583 1260 Patricius
604 1188 866 1286 perstrinxisset
886 1189 953 1283 (ι),
979 1188 1073 1260 ultra
1096 1213 1176 1260 eam
1194 1188 1295 1261 haud
1317 1213 1538 1287 progressus,
1567 1191 1626 1262 illa
1652 1207 1730 1262 tau-

410 1310 599 1383 tummodo
613 1312 810 1406 fragmenta
824 1337 896 1382 suae
911 1312 1059 1383 editioni
1081 1312 1278 1406 subjunxit,
1296 1339 1378 1409 quae
1397 1313 1532 1409 majore
1551 1314 1733 1416 diligentia

410 1459 517 1532 quem
528 1433 665 1528 judicio
680 1437 716 1506 in
732 1437 1019 1508 Diseussionibus
1033 1438 1279 1535 Peripateticis
1291 1436 1440 1509 collecta
1457 1452 1574 1514 erant.
1596 1448 1733 1513 Horum

410 1557 692 1655 fragmentorum
713 1559 865 1660 sartago,
888 1585 1045 1661 quorum
1073 1585 1246 1636 numerus
1271 1567 1325 1636 tx
1355 1589 1430 1636 non
1448 1562 1598 1652 excedit,
1619 1585 1749 1659 quum*

412 1683 565 1779 amplius
579 1687 640 1754 DC
662 1685 738 1756 haec
756 1702 879 1758 nostra
894 1687 1059 1759 collectio
1073 1687 1245 1784 praebeat,
1267 1688 1303 1758 in
1321 1685 1491 1758 omnibus
1505 1711 1587 1783 quae
1606 1697 1736 1758 secutae

412 1821 492 1876 sunt
513 1809 709 1880 Aristotelis
724 1834 877 1906 operum
891 1809 1110 1883 editionibus
1124 1807 1298 1907 usquead
1311 1809 1559 1881 Duvallianam
1573 1809 1736 1879 ultimam

412 1955 444 2000 a.
479 1931 567 2018 1654
592 1934 741 2030 repetite
772 1950 838 2006 est.
867 1939 952 2006 Post
982 1934 1140 2006 duorum
1171 1935 1245 2005 lere
1268 1934 1481 2004 saeculorum
1509 1931 1736 2004 intervallum

411 2056 549 2152 primus
569 2059 804 2153 quaestionem
830 2057 876 2128 de
909 2057 1105 2128 Aristotelis
1133 2057 1236 2128 libris
1262 2055 1457 2154 deperditis
1484 2055 1738 2150 redintegravit

412 2177 574 2268 Buhlius,
600 2180 636 2249 in
663 2177 995 2251 dissertationibus:
1013 2178 1057 2248 tle
1073 2178 1277 2250 Aristotelis
1304 2178 1471 2248 librorum
1485 2181 1550 2276 qui
1570 2178 1676 2275 vulgm
1701 2180 1738 2246 in

412 2297 600 2394 deperditis
622 2317 855 2372 premerentur
876 2301 927 2371 ad
952 2301 1063 2373 libros
1079 2304 1283 2398 superstites
1313 2299 1522 2388 rationibus,
1546 2300 1677 2371 inserta
1700 2299 1736 2369 in

414 2426 661 2494 Commentatt.
680 2426 762 2498 hist.
786 2443 821 2496 et
829 2426 960 2522 philos.
979 2425 1093 2497 Acuti.
1117 2430 1287 2525 Gotting„
1306 2442 1333 2497 t.
1356 2432 1432 2514 XV,
1451 2424 1549 2496 etde
1564 2424 1737 2496 Distribu-

414 2549 508 2618 tioue
525 2547 723 2620 Aristotelis
734 2548 901 2620 librorum
914 2553 954 2620 in
968 2553 1166 2621 exotericas
1179 2567 1214 2620 et
1239 2552 1493 2621 acroamatiros
1515 2549 1659 2644 ejusque
1674 2573 1739 2618 ra·

415 2670 567 2742 tionibus
582 2689 616 2742 et
634 2678 764 2762 causis,
785 2675 961 2770 Gotting,
985 2673 1089 2770 1786,
1106 2675 1257 2771 repetita
1292 2675 1329 2744 in
1358 2671 1557 2772 Aristotelis
1586 2695 1738 2768 operum

416 2792 608 2866 editionea
627 2795 756 2868 Buhlio
775 2798 954 2888 inchoata,
972 2797 1107 2893 quibus
1120 2796 1226 2894 plura
1241 2812 1362 2867 tamen
1377 2794 1534 2866 turbavit
1559 2818 1669 2891 quam
1693 2792 1740 2865 ad

414 2916 594 3014 liquidum
613 2919 792 3016 perduxit.
814 2921 976 2993 Feliciori
987 2921 1063 3016 jam
1081 2944 1249 2991 successu
1259 2934 1400 3017 partem
1414 2919 1623 3016 quaestionis
1636 2918 1739 2989 illus·

417 3045 525 3114 travit
542 3044 758 3136 Brundisius‚
784 3071 804 3116 e
824 3046 928 3139 cujus
947 3045 1123 3116 indefesso
1140 3044 1264 3115 labore
1287 3059 1342 3115 tot
1359 3058 1485 3140 postea
1505 3043 1609 3113 bonae
1631 3042 1741 3139 frugis

416 3167 452 3234 in
485 3165 706 3237 Aristotelem
736 3165 965 3257 redundavit,
989 3169 1025 3236 in
1049 3166 1302 3237 dissertatione
1326 3189 1390 3235 sua
1419 3164 1619 3259 inaugurali
1650 3191 1658 3233 :
1687 3172 1741 3236 De

413 3285 564 3382 perditis
587 3289 790 3359 Aristotelis
818 3289 919 3360 libris
945 3289 988 3359 de
1017 3289 1115 3362 Ideis
1142 3305 1176 3360 et
1203 3289 1248 3360 de
1271 3297 1368 3360 Bono
1391 3293 1464 3360 sive
1489 3289 1738 3386 Philosophia,

421 3416 561 3499 bonore,
585 3435 618 3482 a.
646 3411 735 3482 1823
757 3412 864 3483 edita.
892 3414 1153 3484 Historicorum
1169 3411 1301 3484 deinde
1322 3411 1499 3483 librorum
1518 3411 1739 3507 fragmenta,

417 3548 499 3630 post
517 3536 602 3605 satis
630 3533 744 3607 levem
765 3538 966 3607 Neumanni
987 3561 1127 3626 curam,
1152 3535 1352 3608 Aristotelis
1371 3541 1501 3606 Rerum
1518 3534 1741 3630 publicarum

417 3657 587 3754 reliquie,
607 3658 787 3749 Heidelb,
809 3662 912 3756 1829,
929 3660 974 3730 cl.
993 3658 1252 3730 Aristotelisde
1268 3657 1455 3755 Republica
1467 3659 1742 3728 Atheniensium

457 3847 501 3928 (ι)
521 3848 590 3931 Ejus
604 3852 692 3910 verba
706 3853 839 3930 leguntur
852 3855 889 3914 ad
902 3855 1010 3912 calcem
1025 3854 1250 3932 fragmentorum
1263 3851 1294 3910 iu
1306 3851 1434 3910 editione
1446 3849 1607 3909 Aristotelis
1620 3869 1742 3930 operum

418 3946 550 4025 Ligdum
559 3950 637 4026 apud
648 3950 683 4011 G.
697 3948 866 4008 Laemarium
877 3970 902 4008 a.
922 3951 1006 4028 1590,
1020 3963 1049 4008 et
1063 3949 1166 4029 sepius
1178 3969 1333 4029 expressa:
1351 3949 1444 4006 «llaec
1457 3945 1521 4016 tibi,
1537 3947 1638 4016 lector,
1653 3946 1742 4006 libro·

418 4063 482 4102 rum
495 4044 654 4103 Aristotelis
667 4065 726 4104 non
739 4046 914 4106 exstantium
929 4035 1105 4126 fragmenta,
1121 4066 1212 4125 pauca
1224 4045 1274 4105 illa
1287 4044 1404 4124 quidem
1416 4046 1454 4102 de
1466 4043 1580 4114 multis,
1596 4063 1659 4121 quae
1677 4043 1741 4121 pri-

418 4141 485 4200 dem
499 4141 626 4200 studiose
639 4143 760 4202 collecta
773 4157 802 4203 et
815 4145 967 4203 emendata
987 4144 1144 4213 habemus,
1166 4141 1275 4221 placuit
1295 4160 1372 4200 nuuc
1392 4139 1451 4199 dees
1462 4140 1590 4220 γεύματος
1600 4138 1679 4218 χάριν
1690 4159 1743 4198 ex-

419 4238 528 4308 hibere,
545 4238 686 4318 tantisper
698 4242 767 4299 dum
782 4241 865 4300 liceat
879 4260 932 4320 per
944 4240 1037 4299 otium
1050 4239 1149 4298 omnia
1161 4238 1245 4298 simul
1259 4239 1290 4298 in
1309 4257 1400 4297 unum
1412 4240 1573 4306 conducta,
1590 4238 1743 4296 emendata

419 4346 449 4392 et
461 4353 601 4394 conversa
621 4355 638 4394 a
658 4334 743 4395 nobis
762 4335 792 4395 in
812 4357 912 4396 eorum
932 4336 1055 4416 gratiam
1074 4334 1125 4415 qui
1144 4334 1190 4394 his
1210 4333 1305 4414 epulis
1325 4335 1516 4403 delectantur,
1537 4331 1648 4410 publici
1668 4330 1744 4412 juris

421 4431 526 4492 lacere.
540 4433 612 4492 Nam
626 4433 751 4512 quiante
762 4453 815 4493 nos
827 4434 902 4492 hanc
917 4433 1099 4512 provinciam
1113 4444 1311 4510 susceperunt,
1325 4431 1367 4491 ita
1379 4430 1557 4508 negligenter
1569 4441 1599 4486 et
1611 4428 1743 4509 imperite

422 4531 511 4606 (quod
525 4547 570 4588 res
585 4529 647 4608 ipsa
660 4528 738 4606 μόνον
752 4529 812 4608 οὐχὶ
824 4527 913 4610 φωνὴν
942 4531 1049 4608 ἀφιεῖσα
1063 4530 1192 4607 testatur)
1207 4547 1271 4587 eam
1290 4527 1497 4596 sustinuerunt,
1518 4537 1551 4583 ut
1570 4544 1630 4583 nou
1649 4524 1744 4583 minus

418 4627 650 4705 reprehendendi
664 4625 826 4698 videantur,
843 4629 922 4706 quod
936 4625 1053 4705 nQotio
1075 4644 1106 4686 se
1119 4625 1336 4685 immiscuerunt
1355 4625 1434 4703 quod
1448 4640 1507 4680 non
1524 4621 1740 4700 intelligebant,

421 4743 507 4801 quam
521 4723 667 4794 laudandi,
684 4726 763 4802 quod
776 4725 814 4783 de
827 4721 918 4783 literis
931 4723 1007 4783 bene
1019 4721 1124 4782 mereri
1137 4721 1291 4786 volueriut.
1308 4723 1365 4780 Sed
1379 4738 1434 4778 nos
1446 4720 1483 4778 de
1495 4718 1554 4778 illis
1566 4731 1596 4778 et
1607 4737 1674 4776 cum
1687 4717 1744 4776 illis

421 4819 491 4878 alias
505 4821 618 4879 favente
632 4823 692 4879 Deo
706 4819 775 4899 opt.
789 4821 865 4885 Max.
882 4839 1018 4900 egemus,
1037 4831 1067 4881 et
1079 4818 1208 4899 egregias
1228 4817 1297 4879 istas
1320 4815 1518 4878 Discussioues
1540 4813 1744 4894 Peripateticas

421 4930 555 4979 accurate
569 4916 763 4979 discutiemus.
782 4939 796 4974 s
