4017 5984
203 446 261 509 τοι
741 421 987 509 nnisrormrs
1008 448 1257 512 FRAGMENTA.

198 577 269 657 ὕδωρ
281 576 328 637 καί
340 576 372 637 τὸ
390 577 497 656 χρυσίον
523 573 570 633 καί
588 584 643 636 πᾶν
656 576 687 636 τδ
701 581 828 642 τοιοῦτον.
843 579 974 657 Ἀνομοιο·
1032 582 1112 641 tauri
1127 586 1189 650 ἔστι,
1216 584 1248 644 τὰ
1263 581 1291 642 δί
1307 583 1371 666 πρός
1386 608 1421 646 τι.
1445 584 1520 646 liri
1537 585 1584 661 μὲν
1598 578 1641 646 οὖν
1657 589 1714 648 καθ’
1727 588 1808 653 ἑαυτὰ

199 670 267 745 μερῆ
285 664 307 725 δ’
321 666 370 724 ὅσα
386 664 412 733 ἐξ
433 665 563 741 ἀνομοίων
577 668 664 743 μερῶν
683 665 827 745 σύγκειται,
838 660 891 729 οἷον
906 670 976 730 οίκία
1031 675 1115 730 ταῦτα
1129 672 1209 743 ἐστίν,
1222 664 1274 731 οἷον
1291 671 1436 753 ἄνθρωπος,
1461 673 1542 747 οἰκία,
1557 674 1680 754 ίμοίτιον,
1702 677 1808 755 χρυσίον

197 756 243 816 καλ
256 756 291 813 alr
300 760 417 813 τοιαῦτα.
434 756 496 813 Τῶν
509 752 589 813 ὄντων
601 753 653 834 ἀρα
663 752 696 812 τὰ
711 754 760 831 μέν
780 758 836 815 ἔστι
852 759 975 837 μεριστά,
1031 759 1076 817 καλ
1088 759 1175 819 πάντα
1183 760 1231 819 ὅσα
1246 760 1336 828 ἅπλῶς
1348 759 1385 837 μὴ
1395 764 1433 841 τῷ
1447 760 1534 840 ἕτερόν
1544 786 1570 819 τι
1581 753 1647 823 εἶναι
1658 764 1683 833 ἐξ
1696 764 1809 841 ἀνάγκης

198 844 232 904 τί
256 845 279 904 δ’
301 848 403 924 ἀμερῆ·
425 846 477 902 τῶν
500 843 528 903 δὲ
557 846 688 923 μεριστῶν
702 842 737 903 τά
752 844 801 920 μίνΙ
817 848 973 928 ὁμοιομερῆ,
1032 846 1105 921 ἐστί,
1119 846 1152 907 τὰ
1174 844 1201 906 δί
1217 847 1281 925 πρός
1299 871 1324 906 τι
1342 854 1449 908 τοιαῦτα
1465 850 1545 921 ἐστίν,
1560 838 1613 910 οἷον
1630 850 1660 910 τδ
1673 850 1809 910 διπλάσιον

198 931 233 993 τὰ
245 932 269 993 δ’
280 934 469 1011 ἀνομοιομερῆ.
1032 934 1078 994 καὶ
1100 935 1281 1013 ἡέπιστῆμη·
1296 934 1327 995 τί
1342 958 1370 995 τε
1383 935 1435 1016 γὰρ
1450 936 1587 997 διτιλοίσιον
1601 938 1665 1021 πρὸς
1677 939 1706 997 τ“ο
1726 938 1809 1018 ἥμισυ

237 1020 311 1084 cod.
329 1020 418 1079 Maro.
435 1023 472 1079 οδ
488 1042 494 1078 :
508 1016 571 1081 Ἐτι
582 1024 634 1079 τῶν
649 1018 730 1081 ὄντων
743 1020 777 1080 τδι
791 1020 840 1098 μέν
855 1020 921 1104 [ἐστι
933 1046 980 1099 μεὀ
1031 1021 1137 1099 λέγεται
1151 1022 1226 1101 καὶὴ
1241 1022 1375 1103 ἀπιστῆμη
1387 1024 1452 1103 πρὸς
1465 1025 1531 1084 ἄλλο
1540 1049 1573 1084 τι.

198 1107 284 1188 ριστοί,
298 1106 332 1167 τδι
344 1107 373 1166 δὲ
386 1112 483 1188 ἀμερῆ,
496 1108 542 1166 καί
555 1112 607 1166 τῶν
620 1112 753 1191 μεριστῶν
761 1108 795 1167 ad
811 1110 872 1189 μὲν]
884 1114 977 1185 δμοιο-
1072 1108 1207 1172 XXXIII.
1225 1112 1296 1173 cod.
1309 1113 1398 1174 Marc.
1414 1113 1430 1170 3
1454 1134 1461 1171 a
1475 1116 1622 1192 Διαιρεῖται
1637 1118 1655 1184 ί,
1676 1113 1756 1172 κακία
1777 1115 1813 1179 είς

199 1202 281 1280 μερῆ,
295 1196 329 1257 ria
355 1197 588 1276 δίάνομοιομερῆ.
604 1192 684 1258 Ἐστι
707 1197 735 1256 δὲ
749 1197 782 1257 τί
805 1199 853 1277 μίν
868 1198 979 1280 μεριστά
1033 1199 1166 1279 τέσσαρα·
1183 1198 1303 1283 ἔστιγὰρ
1317 1200 1651 1283 αιἰτῆςδνμίνάρροσιίνη,
1665 1202 1692 1261 ἓν
1708 1201 1735 1263 δὲ
1751 1202 1812 1262 ἀδι-

199 1286 268 1367 drap
282 1286 314 1346 ἀν
324 1288 374 1367 ἔχῃ
389 1286 526 1364 διαίρεσιν,
538 1277 592 1346 οἷον
606 1286 676 1345 οἰκία
691 1287 737 1346 καλ
748 1290 853 1367 ίμοίτιον
868 1289 912 1348 καί
929 1293 980 1369 ἀρ·
1034 1290 1091 1363 κία,
1103 1289 1131 1349 il
1145 1288 1172 1349 δὲ
1184 1291 1277 1363 δειλία,
1291 1288 1318 1350 ίν
1328 1290 1356 1350 δί
1369 1291 1510 1363 ἀκολασία.
1524 1289 1604 1352 Ἔστι
1613 1291 1666 1364 lia
1680 1289 1814 1369 μὲνάρρο-

199 1375 345 1456 γιίριονκαλ
366 1380 457 1450 κτῆμα
474 1376 520 1434 καί
534 1374 569 1434 τά
588 1380 709 1434 τοιαῦτα·
723 1378 808 1457 ἀμερῆ
822 1379 850 1437 δὲ
864 1376 933 1458 ἀπερ
947 1377 979 1437 δν
1035 1376 1099 1450 σύνη
1113 1378 1140 1435 la
1160 1379 1198 1457 τῷ
1221 1378 1374 1459 λογιστικῷ,
1392 1384 1409 1452 ί,
1432 1376 1459 1439 δί
1478 1378 1567 1438 ἀδικία
1582 1380 1608 1438 ίν
1630 1385 1697 1436 πᾶσι
1715 1377 1814 1441 τούτοις

200 1463 331 1545 ἀμέριστα
354 1454 382 1544 ᾖ,
401 1454 454 1524 οἷον
470 1462 552 1540 μονάς
564 1463 611 1522 καί
633 1462 731 1542 στιγμὴ
752 1464 798 1523 καί
812 1474 921 1539 σημεῖον
934 1465 981 1525 καί
1037 1464 1090 1531 τοῖς
1107 1464 1199 1544 μίρισι
1211 1463 1313 1543 γίνεται
1328 1466 1380 1543 (σί.
1396 1465 1491 1545 XIII),
1506 1469 1524 1538 ἡ
1539 1464 1566 1525 il
1581 1464 1664 1524 δειλία
1680 1468 1706 1523 ἐν
1718 1469 1755 1545 τῷ
1770 1471 1815 1524 θυ-

201 1552 311 1634 ρίιίγγος
334 1552 381 1612 καί
404 1553 438 1612 τὰ
455 1556 576 1614 τοιαῦτα.
593 1550 648 1612 Καί
667 1557 719 1612 τῶν
738 1560 869 1635 μεριστῶν
883 1552 911 1613 δὲ
928 1555 947 1613 ἀ
1041 1555 1151 1633 parlim
1167 1554 1195 1612 dl
1212 1552 1343 1613 ἀκολασία
1354 1556 1380 1613 ἐν
1394 1555 1633 1635 τῷίπιδνμητικῷ.
1651 1556 1707 1623 Τῆς
1722 1552 1816 1621 κακίας

199 1640 232 1700 td
250 1640 311 1718 μίν
326 1643 396 1700 ἐστιν
411 1644 557 1722 ὁμοιομερῆ
577 1632 615 1699 ῶν
629 1640 675 1700 καί
691 1641 726 1702 τί
741 1643 809 1724 μέρη
824 1643 912 1720 ὅμοια,
927 1578 981 1702 o&
1037 1640 1089 1720 ἀρα
1104 1639 1131 1700 ἓν
1144 1640 1192 1719 μίν
1206 1642 1277 1703 ίστιν
1286 1640 1430 1722 ἀφροσύνη,
1442 1640 1468 1701 ίν
1482 1640 1509 1701 δί
1523 1640 1622 1714 ἀδικία,
1633 1640 1660 1699 ἓν
1676 1642 1704 1700 δὲ
1719 1640 1815 1714 δειλία,

199 1730 287 1810 ὕδωρ,
303 1737 364 1810 πῦρ,
387 1729 486 1810 χαλκδς
502 1728 548 1789 καλ
571 1728 729 1788 τὰτοιαῦτα
753 1728 799 1807 [adl
813 1728 842 1787 dt
856 1730 980 1807 ἀνομοιο-
1035 1729 1062 1789 δν
1076 1729 1105 1790 δὲ
1119 1729 1258 1791 ἀκολασία.

202 1820 282 1896 μερῆ,
292 1808 329 1876 ῶν
339 1815 373 1875 τὰ
387 1816 585 1897 μίρηάνιίμοια,
598 1806 652 1875 οἷον
664 1815 736 1874 οίκία
747 1816 793 1874 καί
808 1814 979 1895 τὰτοιαῦτα].
1076 1816 1205 1879 XXXIV.
1221 1818 1294 1878 Cod.
1309 1819 1399 1878 Marc·
1417 1820 1435 1877 6
1453 1840 1460 1877 :
1473 1822 1621 1900 Διαιρεῖται
1637 1818 1671 1877 τά
1692 1818 1762 1877 κακὰ
1782 1818 1816 1883 είς

238 1903 358 1965 XXXII.
372 1906 458 1982 Πίος.
484 1904 579 1964 hert.
598 1902 654 1976 iil,
677 1906 733 1963 108
752 1924 759 1964 τ
776 1908 839 1965 Τῶν
850 1904 932 1964 ὄντων
947 1903 981 1963 τά
1037 1905 1114 1986 τρία·
1130 1904 1186 1967 Inoa
1200 1904 1251 1986 γὰρ
1265 1908 1351 1965 αίιτῶν
1365 1904 1400 1965 τά
1413 1906 1462 1985 μίν
1477 1909 1599 1988 ίνψυχῇ,
1615 1906 1648 1965 τὰ
1664 1904 1691 1964 δί
1709 1908 1735 1963 ἐν
1761 1905 1818 1965 σῶ-

199 2017 249 2142 ν
263 1992 982 2165 iiliimilmiiiiiii:
1037 1985 1818 2159 ii:illimiiziillli³

200 2170 310 2244 μηδενὸς
330 2172 496 2249 προσδεῖται·
509 2175 593 2229 ταῦτα
606 2170 630 2229 δ’
645 2168 677 2227 ἀν
696 2168 737 2240 τίη
752 2160 805 2229 οἷον
826 2168 978 2250 ἄνθρωπος,
1037 2169 1072 2229 ad
1090 2169 1117 2228 δί
1131 2172 1158 2229 ίν
1179 2170 1285 2247 σώματι
1298 2162 1353 2230 οἶον
1369 2168 1454 2247 νόσος,
1472 2171 1607 2249 ἀσθένεια,
1619 2162 1721 2249 αἶσχος,
1737 2171 1819 2250 [pipat

198 2260 279 2327 ίτιπος
290 2258 335 2318 καί
349 2258 382 2317 τά
393 2259 462 2317 ἀλλα
471 2261 540 2338 ζῷα·
550 2257 649 2317 τούτων
660 2258 712 2337 γὰρ
719 2256 792 2316 οὐδὲν
801 2259 834 2316 δι’
845 2258 984 2337 ἑρμηνείας
1039 2258 1219 2337 [deIendum]
1230 2257 1317 2318 καλτά
1330 2258 1398 2318 οίλλα
1415 2257 1449 2317 τδι
1459 2264 1582 2337 τοιαῦτα,
1600 2258 1634 2317 τά
1645 2257 1672 2316 δὲ
1683 2257 1756 2325 ίκτδς
1765 2249 1818 2317 οἷον

201 2355 296 2430 χωρεῖ.
314 2350 376 2408 Τῶν
391 2346 419 2405 δὲ
434 2347 499 2425 πρός
512 2369 538 2404 τι
549 2346 698 2426 λεγομίνων
710 2345 761 2405 ὅσα
776 2345 931 2427 προσδιῑτάί
943 2370 982 2406 τι·
1037 2344 1125 2424 πενία,
1139 2345 1239 2425 ίχδροί,
1251 2344 1353 2421 ἀδοξία,
1367 2346 1462 2426 ἀτυχία
1473 2346 1575 2414 πόλεως
1595 2346 1640 2405 καί
1653 2342 1687 2403 τά
1702 2342 1771 2403 ἀλλα
1785 2344 1819 2402 εδ

201 2458 243 2505 νος
259 2434 411 2519 ίρμηνείας,
429 2425 483 2495 οἷον
501 2436 531 2494 τδ
549 2434 636 2513 μεῖζόν
647 2457 716 2501 τινος
729 2433 775 2492 καί
787 2434 818 2493 τδ
835 2434 929 2495 θᾶττόν
944 2459 983 2494 τι·
1037 2435 1334 2494 reintromittant
1348 2433 1400 2513 ipa
1414 2432 1514 2510 τάιμίν
1527 2436 1597 2493 ἐστιν
1611 2436 1638 2492 ia
1647 2434 1730 2513 ψυχῇ,
1744 2432 1778 2493 τὰ
1791 2430 1819 2490 dl

204 2548 247 2593 νος
260 2524 307 2584 καί
320 2524 350 2583 τὸ
363 2524 470 2583 κοίλλιον
491 2523 536 2583 καί
549 2523 584 2583 τδι
596 2529 721 2583 τοιαῦτα·
734 2522 766 2582 τό
782 2546 812 2581 τε
827 2522 879 2603 γ’διρ
897 2528 984 2600 μεῖζον
1038 2525 1065 2581 ίν
1075 2518 1192 2597 σώματι,
1204 2521 1239 2580 τί
1251 2522 1279 2581 δὲ
1290 2519 1373 2588 ἀκτίς.
1389 2521 1444 2605 (Gi.
1465 2523 1501 2599 i.)

202 2612 340 2680 ἀλάττονός
368 2615 425 2671 ίστι
449 2615 537 2689 μεῖζον
558 2611 604 2671 καί
629 2610 659 2671 τδ
684 2616 776 2671 θᾶττον
797 2612 891 2671 θᾶττόν
914 2614 983 2682 τινός
1078 2608 1192 2669 XXXV.
1214 2610 1287 2671 cod.
1308 2610 1397 2669 Marc.
1415 2633 1434 2689 9
1451 2612 1619 2689 είλιαιρεῖται
1639 2611 1657 2680 ἡ
1674 2607 1765 2684 ἀγνοια
1784 2609 1820 2673 είς

201 2702 285 2764 ἔστιν.
307 2704 369 2762 Τῶν
385 2700 468 2760 ὄντων
482 2700 534 2779 ἀρα
550 2698 583 2757 τὰ
601 2699 650 2776 μέν
661 2703 731 2759 ἐστιν
750 2698 816 2759 οὔτὰ
831 2704 889 2759 καθ’
903 2700 982 2773 αὐτοί,
1037 2696 1111 2779 τρία·
1127 2697 1182 2757 ἔστι
1197 2698 1250 2779 γὰρ
1263 2700 1344 2769 αὐτῆς
1357 2698 1385 2757 ἲν
1400 2698 1447 2777 μίν
1470 2697 1531 2777 περὶ
1553 2696 1584 2758 ad
1600 2694 1774 2776 dampnatoria,
1790 2692 1818 2752 ἓν

201 2788 235 2849 τά
246 2786 275 2848 II
287 2788 352 2868 πρός
364 2812 399 2849 τι.
783 2825 786 2831 n
1039 2788 1066 2846 δί
1086 2787 1147 2866 περὶ
1157 2786 1188 2846 ad
1208 2788 1363 2867 πρακτικόν,
1377 2785 1404 2846 ἓν
1418 2786 1446 2845 δὲ
1463 2788 1523 2865 περὶ
1536 2785 1565 2846 τὸ
1582 2783 1728 2857 ποιητικόν.
1741 2782 1820 2842 Ἔστι

240 2864 308 2936 Ὧδε
315 2875 360 2936 καί
369 2875 402 2935 τδι
410 2878 504 2955 πρῶτα
514 2875 673 2956 διῄρεικατά
680 2876 724 2935 τδν
733 2876 982 2956 Ἀριστοτέλην.
1038 2874 1066 2934 dl
1085 2878 1103 2949 ἡ
1117 2873 1178 2955 napi
1191 2876 1222 2933 αδ
1235 2872 1394 2957 θεωρητικὸν
1414 2872 1471 2946 ἡὲν
1486 2881 1543 2939 ταῖς
1554 2872 1677 2953 θεωρίαις
1691 2870 1819 2951 ἀγνοια,ἠ

241 2962 316 3027 cod.
334 2965 422 3024 itare.
440 2966 476 3037 67
501 2985 509 3022 t
537 2966 600 3023 Τῶν
612 2964 695 3024 ὄνειον
715 2964 749 3023 τδι
770 2964 819 3042 μὲν
833 2965 901 3024 αὐτὰ
924 2966 983 3023 καθ’
1041 2961 1068 3021 ol
1086 2962 1147 3042 περὶ
1164 2961 1339 3035 ιδποιητικδν
1351 2966 1368 3033 ἣ
1382 2964 1410 3020 ἐν
1422 2962 1480 3029 ταῖς
1493 2959 1667 3036 ποιῆσασιν,ῆ
1682 2956 1709 3017 dl
1720 2958 1779 3037 περὶ
1790 2955 1821 3015 τδ

202 3276 326 3336 oonatant,
336 3275 364 3324 nt
375 3274 463 3324 domna
477 3274 502 3325 ot
514 3274 660 3339 huiuamodi.
674 3279 764 3325 llornm
774 3275 845 3338 igitar
858 3288 914 3339 qnae
926 3281 984 3327 annt
1038 3276 1151 3339 domum,
1165 3278 1267 3341 reatem,
1280 3290 1367 3327 aurona
1381 3279 1405 3328 at
1419 3276 1503 3327 omnia
1517 3289 1667 3341 qnoeounqua
1679 3274 1820 3339 simpliciter

202 3363 248 3412 alia
267 3361 367 3411 dividua
380 3365 452 3426 sunt,
471 3363 517 3413 alia
534 3362 672 3424 individna;
691 3363 845 3414 dividnorom
860 3377 919 3415 reno
937 3366 984 3417 alia
1038 3367 1109 3426 aunt,
1123 3366 1150 3415 ut
1167 3377 1214 3415 non
1231 3364 1296 3415 alind
1307 3378 1361 3415 oasa
1380 3364 1533 3426 οοισκνοιὶίς
1545 3364 1575 3414 ad
1597 3362 1686 3427 aliquid
1700 3375 1760 3414 vero
1779 3375 1819 3411 ra-

202 3451 316 3502 aimiiinm
328 3452 447 3515 partium,
463 3452 510 3502 alia
525 3451 687 3503 dissimilium.
1037 3454 1155 3513 ittuntur,
1167 3451 1277 3515 duplum,
1293 3452 1408 3503 nolentia:
1424 3451 1525 3515 dapium
1544 3450 1608 3501 tnim
1628 3450 1657 3502 ad
1674 3450 1815 3512 dimidium,

233 3546 273 3592 tt.
289 3544 377 3591 lior-orn
391 3554 446 3604 qna
460 3542 521 3592 aunt
531 3540 579 3591 aila
592 3540 691 3592 dividua
702 3543 769 3605 aunt,
780 3541 827 3592 aiia
837 3541 980 3593 individua:
1038 3540 1137 3591 ιαὀιιῐίι
1147 3540 1177 3589 ad
1193 3539 1259 3590 aliud
1268 3539 1327 3603 qnid
1341 3541 1451 3591 retertur.

204 3627 360 3680 dlvidnornm
370 3643 428 3680 roro
438 3630 484 3681 alia
493 3630 551 3681 aunt
561 3629 677 3679 similium
687 3629 805 3694 partiam,
817 3630 865 3680 alia
876 3630 983 3681 disainai·
1068 3628 1177 3679 xxxiii.
1191 3626 1282 3678 Villam
1293 3626 1318 3678 in
1331 3632 1446 3692 quattuor
1461 3628 1575 3679 dividitur
1591 3648 1598 3679 z
1610 3641 1685 3679 ornum
1704 3625 1768 3677 enim
1781 3629 1821 3677 ant

203 3716 270 3767 iiam.
288 3717 392 3767 Diridnn
403 3721 460 3768 sunt
473 3716 709 3781 quomnmradiridi
723 3719 869 3781 poaauntnt
880 3717 979 3780 domna,
1037 3716 1187 3781 inalpiantIa,
1207 3715 1308 3767 altorum
1326 3716 1564 3779 tripudiantium
1580 3714 1686 3778 ignomin,
1704 3718 1817 3779 σκοτίοιο

203 3804 296 3864 κατίοι,
310 3804 419 3866 ροοιιοίο,
434 3816 490 3867 agor
511 3805 537 3854 at
550 3816 606 3865 quaa
625 3802 663 3852 iria
678 3801 983 3865 onntolmiiia31ndiridna
1037 3805 1226 3869 Intemperantia.
1243 3805 1381 3869 insipientia
1402 3805 1432 3853 ad
1445 3818 1498 3857 eam
1515 3806 1607 3869 partam
1623 3803 1698 3854 animi
1714 3803 1817 3865 perlinat

203 3903 261 3942 aero
273 3903 331 3954 qno
346 3890 420 3941 dividi
437 3893 568 3955 nequount,
585 3892 613 3941 ut
632 3891 726 3953 unitio,
738 3893 863 3954 punctum,
883 3892 980 3952 littera.
1037 3907 1092 3958 qrra
1113 3892 1299 3945 ratiocinationis
1318 3893 1435 3958 particeps
1454 3896 1504 3957 oat;
1523 3892 1638 3955 injustitia
1656 3892 1679 3941 in
1702 3891 1815 3941 omnibns

203 3992 278 4029 nonna
289 3981 315 4030 et
325 3993 377 4043 qun
394 3982 451 4031 nunt
460 3980 555 4030 similla.
571 3978 729 4030 Diridnorum
741 3979 788 4029 aila
802 3982 859 4029 anot
868 3980 982 4031 similium
1037 3982 1109 4032 animi
1122 3981 1229 4046 partibus
1239 3980 1351 4045 gignitur,
1362 3980 1488 4045 lgnarlain
1501 3992 1529 4030 aa
1543 3982 1581 4030 ant
1590 3992 1645 4043 quoa
1661 3978 1702 4028 ira
1716 3981 1754 4028 eat
1765 3990 1819 4040 par-

203 4066 428 4131 partinm,qnornm
445 4069 469 4117 at
483 4068 564 4131 partas
580 4070 638 4118 aunt
655 4067 755 4129 similos,
768 4069 796 4117 nt
814 4068 982 4133 andastauin,
1039 4070 1126 4134 tioapa,
1149 4069 1330 4133 intemperantia
1354 4082 1413 4120 raro
1435 4070 1459 4118 in
1476 4082 1505 4119 aa
1525 4081 1580 4132 qun
1600 4064 1744 4129 cupiditatis.
1760 4058 1817 4111 vitii

203 4168 239 4206 aaa
249 4158 275 4206 at
290 4155 391 4217 ainriiia;
406 4154 452 4207 aila
467 4167 524 4205 raro
540 4153 703 4217 dissimilium,
717 4169 820 4219 qnorum
831 4158 912 4221 parton
926 4160 984 4207 aunt
1037 4159 1109 4224 igitur
1121 4160 1201 4223 parles
1220 4159 1278 4208 anni
1290 4156 1442 4222 insipientia,
1461 4154 1590 4219 iniustitia,
1608 4150 1713 4216 ignavia.
1730 4150 1816 4201 illem·

203 4244 349 4307 orannim,
363 4244 390 4293 nt
407 4243 496 4295 domus
508 4247 534 4295 ot
545 4243 640 4294 similia.
1038 4245 1151 4310 perantia
1176 4284 1178 4289 .

233 4332 334 4384 mli.
349 4335 439 4382 Eorum
449 4345 505 4395 onan
521 4334 578 4382 sont
594 4331 640 4381 aiia
651 4342 701 4397 ‘par
710 4344 751 4392 aa,
765 4332 812 4383 aila
826 4346 884 4383 vero
896 4336 926 4382 ad
940 4334 983 4383 aii·
1032 4364 1035 4372 ψ
1067 4335 1176 4384 xxxiv.
1191 4332 1253 4383 itala
1269 4332 1294 4383 in
1309 4333 1353 4383 tria
1367 4331 1506 4381 dividuntur
1521 4344 1528 4379 ι
1541 4341 1625 4379 norum
1637 4324 1747 4391 quodam
1758 4329 1817 4375 sunt

202 4420 261 4485 quid
276 4421 398 4471 dicuntur.
410 4423 445 4471 ita
456 4420 554 4483 qnidam
571 4432 614 4484 par
627 4434 655 4471 oa
671 4420 789 4485 dlntrnnn,
801 4434 857 4485 quo
868 4421 893 4471 in
905 4422 983 4471 oloou·
1037 4419 1161 4480 inanimo,
1173 4418 1286 4485 quadarn
1297 4419 1321 4470 ln
1334 4431 1447 4483 oorporo,
1462 4415 1573 4481 qondam
1584 4427 1641 4464 veno
1653 4414 1811 4464 exalnsoons.

203 4510 269 4561 tiona
284 4510 351 4560 nulio
367 4508 530 4559 additamento
542 4508 666 4573 indigent:
687 4508 805 4571 ajoarnodi
821 4513 878 4560 anni
896 4509 982 4572 Ιιοοιο,
1040 4511 1066 4560 ln
1084 4508 1165 4559 animo
1181 4511 1239 4559 aunt
1260 4507 1411 4571 insipientia,
1428 4504 1557 4568 injustitia,
1580 4501 1686 4565 maaria,
1703 4501 1818 4562 intempo

180 4596 184 4603 '
203 4610 281 4663 mana
294 4600 320 4648 et
329 4596 440 4648 animalIa
451 4597 543 4661 reliqna
557 4616 563 4647 :
575 4610 632 4647 nana
651 4598 709 4649 nilrli
727 4610 812 4648 eorum
824 4598 983 4661 oxpiioationo
1038 4596 1113 4647 ranila
1126 4596 1221 4659 aliaque
1235 4594 1336 4653 timliim
1353 4593 1378 4643 in
1395 4604 1496 4655 corpora
1515 4589 1628 4650 moriana,
1649 4586 1816 4647 imbecillitas,

204 4685 344 4751 indigatlla
353 4699 413 4736 raro
423 4684 454 4735 ad
461 4684 549 4749 aliquid
559 4685 681 4746 dicontur,
693 4700 748 4749 pon
757 4684 914 4749 explicatione
924 4698 980 4749 qua·
1037 4683 1191 4746 detormitaa‚
1199 4680 1341 4748 [inimicitia]
1352 4682 1376 4731 ot
1389 4680 1435 4730 aila
1444 4678 1544 4741 aimliia;
1555 4676 1704 4727 extrinsoonn
1715 4675 1816 4737 egestas,

204 4774 261 4825 dam
272 4776 357 4838 agoni,
369 4776 445 4825 ntast
462 4772 540 4834 majus
554 4774 635 4836 aliquo
651 4773 878 4837 etoolarlooaiiquo
894 4776 980 4823 atme-
1039 4772 1142 4834 inimici,
1166 4770 1283 4830 iniamia.
1302 4768 1365 4819 maia
1389 4767 1484 4817 torinna
1513 4763 1650 4829 reipuoiion
1671 4765 1696 4813 ol
1718 4760 1814 4811 similia.

205 4862 251 4917 liora
270 4863 295 4912 at
308 4859 446 4920 huiuamodi
461 4859 561 4922 reliqna.
572 4862 682 4921 riamqno
702 4860 779 4920 majus
795 4860 887 4910 minora
905 4860 982 4921 mailro
1038 4861 1155 4911 italorum
1166 4858 1238 4924 igilur
1254 4858 1300 4913 aila
1318 4858 1374 4908 aunt
1390 4854 1522 4914 inanimo,
1536 4852 1582 4903 aila
1599 4852 1623 4903 in
1642 4864 1756 4915 oorpora‚
1769 4849 1815 4899 alla

204 4950 255 5008 nat,
267 4950 292 4999 at
301 4949 401 4999 celatim
410 4947 541 5012 aliquoast
555 4946 665 4997 οοΙσιίοα.
680 4950 770 4997 Eorum
783 4947 983 5012 igltnrqnoeaont
1038 4950 1196 5001 extrinaoour.

204 5036 251 5088 aila
266 5050 308 5101 par
321 5050 349 5089 aa
360 5039 428 5097 aunt,
443 5035 489 5086 alia
507 5048 550 5098 per
568 5034 706 5086 rotationem
726 5034 756 5085 ad
772 5034 870 5098 aliquid.
1068 5040 1166 5089 xxxv.
1185 5036 1320 5102 ignorantia
1338 5034 1418 5085 iniria
1432 5032 1547 5084 dividitur
1558 5050 1565 5082 ι
1582 5030 1628 5082 alia
1638 5029 1702 5079 enlm
1714 5027 1816 5093 portlaot

236 5127 274 5175 lta
288 5127 314 5175 ot
331 5124 408 5187 prima
421 5122 542 5175 dividebat
553 5122 686 5173 sonandum
697 5122 859 5173 aristotelem.
1037 5124 1067 5176 ad
1083 5126 1291 5190 oontamplatiram
1304 5123 1455 5186 laenitatem,
1480 5122 1528 5172 alia
1538 5120 1568 5170 ad
1580 5116 1680 5185 agendi,
1693 5116 1739 5167 aila
1757 5126 1815 5165 varo

237 5214 278 5263 oi.
301 5212 390 5261 Forum
403 5226 459 5276 qun
477 5214 532 5262 anni
548 5210 595 5261 aiia
609 5213 666 5261 runt
683 5211 735 5275 ipaa
750 5223 794 5276 per
807 5224 848 5274 aa,
866 5208 912 5260 alia
924 5221 983 5258 vero
1037 5214 1068 5263 ad
1082 5213 1208 5266 afficiendi.
1227 5217 1288 5273 Qua
1300 5211 1330 5263 ad
1342 5210 1550 5274 contemplativam
1569 5206 1672 5273 partinet
1681 5205 1816 5256 [amitalem

207 5299 238 5349 ad
259 5297 347 5363 aliquid
368 5300 512 5351 referuntur.
537 5303 592 5364 lpaa
612 5313 655 5364 per
675 5312 702 5350 aa
725 5298 829 5351 dioimua
850 5298 982 5359 hominem.
1037 5302 1167 5367 ignorantia
1188 5304 1226 5352 eat
1241 5302 1266 5351 ln
1285 5298 1540 5365 nontampialionllmm
1561 5294 1664 5362 quand
1686 5290 1817 5350 niddendl·
