4017 5984
260 395 298 453 ii

256 525 319 601 ipse
334 523 433 594 index,
449 521 500 598 qui
514 501 590 600 apud
599 519 758 595 Diogenem
771 530 876 595 exstat,
887 517 976 595 hujus
985 516 1029 575 rei

258 612 430 690 praeclarum
444 607 588 687 quoddam
600 607 805 665 documentum
823 604 962 684 praebeat,
977 624 1029 662 nc-

258 719 314 777 que
324 699 390 758 talis
404 710 480 756 certe
494 697 532 756 sit
543 709 575 753 ut
586 707 662 754 recte
677 693 845 752 Andronico
860 693 963 766 aliive,
978 693 1029 770 qui

737 411 743 421 ·
797 386 1043 448 ntttsroratts
1065 382 1313 445 FRAGMENTA.

1084 534 1153 574 vum
1176 513 1303 572 indicem
1329 511 1460 569 omnium
1489 510 1663 587 scriptorum
1693 510 1859 571 Aristotelis

1084 601 1252 684 coniecisse,
1264 597 1355 658 sedin
1367 597 1465 670 libris,
1476 615 1561 674 quos,
1571 608 1642 656 teste
1655 595 1762 669 Gellio,
1775 597 1858 656 Noct.

1084 695 1143 748 Att.
1152 687 1215 760 XX,
1226 687 1281 745 bet
1288 684 1554 744 lischemaluddino
1565 683 1652 764 (apud
1659 685 1808 751 Weurich.
1815 691 1858 743 De

259 786 295 845 ad
317 787 379 864 ipsa
392 783 530 843 doctrinae
541 781 737 862 peripatetice
754 781 914 860 penetralia
938 799 1031 838 acces·
1083 789 1225 834 auctorum
1236 795 1327 850 grcec.
1348 777 1523 830 versionibus
1534 774 1618 833 arab.
1631 780 1736 846 syriae.
1749 795 1858 836 armen.

258 875 340 949 serit,
357 869 511 931 tribuatur.

307 960 423 1037 Optime
437 971 531 1016 autem
550 957 655 1016 iactum
674 968 718 1014 est
737 968 769 1015 ut
782 957 819 1014 de
843 975 928 1029 cura,
944 975 1030 1033 quam

260 1048 309 1105 ille
335 1047 390 1118 vir,
412 1046 606 1125 peripateticae
619 1045 757 1103 doctrinae
773 1063 839 1102 sere
857 1044 1031 1121 sospitator,

259 1137 290 1192 in
315 1134 478 1192 Aristotelis
499 1133 585 1191 libris
608 1145 752 1210 posuerat,
768 1133 916 1214 egregium
939 1144 1033 1189 exstet

260 1222 455 1280 testimonium
484 1219 660 1298 Porphyrii,
680 1219 786 1297 quide
806 1219 935 1278 editione
961 1219 1033 1277 scri·

261 1322 379 1388 piorum
396 1307 505 1366 Plotini
524 1327 610 1385 quam
635 1308 699 1385 ipse
714 1319 865 1385 paraverat
885 1327 974 1385 quum
991 1307 1032 1363 lo-

260 1410 409 1476 queretur,
431 1395 597 1473 exemplum
619 1413 650 1454 se
669 1395 842 1473 Apollodori
864 1408 894 1454 et
918 1394 1033 1453 Andro-

215 1523 218 1532 .
262 1484 322 1541 nici
349 1494 476 1542 secutum
506 1501 569 1541 esse
583 1481 662 1540 hisoe
684 1483 810 1540 deelarat
837 1482 952 1553 verbis,
969 1481 1033 1541 Vita

260 1571 382 1648 Plotini,
402 1592 429 1630 c.
453 1581 489 1638 at
513 1591 520 1627 ι
542 1561 595 1630 Ὧν
617 1573 632 1628 δ
659 1569 707 1646 μὲν
730 1569 897 1651 Ἐπίχαρμον
918 1569 962 1629 τὸν
977 1593 1032 1628 κω-

262 1658 433 1737 μῳδογρᾶφον
453 1659 487 1724 είς
504 1656 567 1716 δέκα
584 1655 678 1733 τόμους
695 1657 778 1736 φίρων
794 1657 958 1736 συνήγαγεν,
978 1660 992 1715 δ
1006 1656 1033 1714 δὲ

260 1745 294 1805 τὰ
318 1745 514 1826 Ἀριστοτέλους*
534 1747 580 1805 καὶ
601 1745 773 1826 Θεοφράστου
801 1747 837 1812 τίς
852 1743 1033 1824 πραγματείας

261 1834 338 1892 διεῖλε
359 1831 405 1896 τὰς
426 1830 677 1904 sinisteriorem<
699 1834 735 1900 εἰς
758 1833 838 1892 ταῦτδ
866 1830 1032 1910 συναγαγών.

259 1920 330 1990 Quae
352 1939 437 1978 nemo
454 1920 537 1978 sacile
556 1920 593 1978 de
608 1919 761 1994 omnihus,
783 1921 846 1980 sive
870 1921 1034 1980 Aristotelis

259 2011 320 2066 sive
334 2005 538 2084 Theophrasti,
553 2006 639 2066 libris
649 2007 726 2066 dicta
740 2027 803 2067 esse
816 2009 978 2068 contendet.
995 2007 1034 2066 Ut

260 2095 337 2152 enim
347 2095 384 2152 de
394 2095 457 2152 solo
472 2094 627 2152 Aristotele
639 2094 755 2171 loquar,
765 2104 957 2174 πραγματεῖαι,
968 2117 1033 2173 quae

261 2180 309 2240 hic
331 2196 479 2253 vocantur,
496 2182 584 2240 nullae
596 2182 659 2240 aliae
674 2196 741 2240 sunt
756 2202 842 2260 quam
861 2203 933 2260 quas
945 2183 1034 2242 hodie

261 2289 378 2346 quoque
403 2270 434 2328 in
455 2268 591 2327 manibus
616 2268 770 2342 habemus,
794 2271 891 2346 logica
915 2290 1033 2349 nempe,

261 2354 399 2431 physica,
425 2353 635 2432 metaphysica,
654 2357 764 2430 ethica,
780 2376 853 2435 quas
870 2377 942 2416 vero
955 2374 1034 2417 c'va·

262 2441 313 2497 riis
326 2440 442 2518 scriptis
462 2441 675 2520 scriptorumve
691 2443 823 2523 partibus
848 2447 1032 2504 consarcina-

262 2529 306 2585 vit
333 2540 362 2585 et
387 2528 417 2585 in
439 2547 529 2585 unum
552 2530 636 2606 quasi
657 2551 764 2612 corpus
784 2531 913 2592 redactas
941 2533 1035 2592 edidit

262 2614 464 2690 Andronicus,
478 2616 529 2693 qui
549 2617 613 2676 sive
627 2619 740 2695 primus
754 2639 853 2678 eorum
871 2633 980 2699 partem
1002 2621 1033 2679 in

261 2703 354 2761 lucem
369 2703 501 2780 protulit,
523 2703 666 2781 siquidem
691 2708 850 2766 notissimae
872 2709 1032 2767 narrationi

261 2791 339 2869 apud
354 2789 523 2852 Strabonem
539 2791 618 2868 lllll,
634 2815 663 2872 p.
676 2798 735 2873 609
751 2809 780 2854 et
799 2795 986 2856 Plutarchum
1001 2797 1034 2856 in

260 2879 325 2937 Vita
335 2877 433 2958 Syllae,
448 2901 472 2938 c.
493 2883 541 2952 26,
560 2881 632 2941 fides
646 2883 779 2944 habenda
787 2899 841 2956 est,
855 2886 918 2944 sive
932 2887 1033 2963 noris,

262 2969 357 3045 iisque
371 2967 542 3028 melioribus
557 2971 772 3049 exemplaribus
792 2973 920 3046 collatis,
934 2993 1032 3033 emen·

261 3061 341 3119 davit
352 3075 381 3120 et
395 3081 470 3120 novo
483 3063 682 3122 tantummodo
696 3065 801 3123 ordine
815 3064 971 3144 disposuit.

301 3148 358 3206 Sed
373 3161 520 3225 utcunque
534 3148 633 3208 dehac
644 3149 851 3210 obscurissima
865 3173 898 3211 ac
914 3153 1035 3213 minime

261 3233 354 3292 adhuc
364 3235 510 3312 persoluta
523 3235 682 3313 quaestione
695 3238 877 3297 statuendum
891 3253 946 3317 est,
957 3241 1031 3299 illud

261 3333 338 3378 certe
356 3320 495 3380 concedas
509 3335 639 3399 oportet,
651 3323 738 3400 hujus
753 3327 789 3382 ab
804 3326 973 3386 Andronico
987 3330 1033 3387 in·

261 3408 367 3467 stitutne
385 3408 540 3468 divisionis
559 3429 595 3470 ne
621 3411 799 3472 levissimum
814 3415 933 3491 quidem
948 3418 1035 3476 resti·

260 3496 339 3572 gium
351 3496 380 3555 in
391 3497 530 3574 lliogenis
540 3497 648 3557 Laertii
660 3499 757 3560 indice
769 3502 1034 3580 inveniri,praeter·

261 3603 346 3659 quam
371 3583 466 3662 quod,
492 3597 523 3643 ut
544 3583 605 3661 jam
627 3587 840 3665 supradictum
864 3603 922 3663 est,
947 3591 979 3650 in
1000 3614 1035 3651 eo

260 3670 439 3731 desideratur
463 3672 549 3750 longe
574 3676 701 3734 maxima
722 3697 789 3756 pars
807 3679 924 3737 illorum
940 3680 1033 3739 libro·

262 3777 346 3829 ιιιιιι,
362 3779 435 3836 quos
447 3760 533 3820 hodie
547 3761 702 3837 habemus,
724 3785 857 3844 quosque
873 3768 952 3826 solos
976 3770 1036 3828 lore

261 3845 403 3923 respicere
424 3849 518 3906 solent
529 3850 580 3926 qui
594 3865 660 3928 post
680 3852 881 3914 Andronicum
897 3857 1037 3917 vixerunt

261 3932 453 4010 peripateticae
477 3935 617 3995 doctrinae
644 3952 808 4004 sectatores.
834 3941 921 4000 Nulla
945 3944 1036 4020 igitur

261 4033 411 4078 causaest
432 4041 485 4079 cur
507 4021 543 4080 de
566 4024 735 4086 Andronico
760 4029 938 4106 cogitemus,
958 4051 1035 4090 con-

262 4107 358 4165 trarias
371 4126 443 4167 vero
456 4110 551 4169 multae
563 4126 644 4186 surrt,
659 4114 717 4173 nisi
729 4128 826 4176 tamen
839 4119 864 4176 si
879 4119 945 4196 quis
965 4133 1036 4177 tan-

263 4208 322 4252 tum
342 4196 522 4256 atteteritatis
542 4198 650 4258 tribuat
664 4200 813 4262 Plutarchi
826 4205 936 4280 verbis,
955 4208 1036 4266 affir-

263 4282 367 4341 mantis
396 4283 415 4344 l.
440 4284 460 4343 l.
489 4285 689 4346 Andronicum
723 4292 874 4372 ἀναγράψαι
907 4292 966 4361 τοὺς
990 4299 1035 4352 νῦν

262 4367 418 4447 φερομένους
431 4369 558 4453 πίνακας,
575 4388 607 4433 ut
620 4375 676 4436 hoc
691 4398 751 4436 uno
766 4392 836 4439 teste
850 4394 878 4440 et
892 4401 1035 4459 sponsore

262 4475 377 4514 omnem
390 4463 618 4522 controversiam
630 4465 774 4525 sublatam
785 4473 911 4531 censeat.
927 4469 1034 4528 Verum

263 4543 307 4602 loc
328 4562 390 4603 esse
405 4548 520 4620 omnia,
546 4562 579 4608 ut
601 4552 652 4611 ille
667 4569 781 4629 narrat,
806 4557 927 4616 minime
941 4571 1035 4618 mmen

261 4631 330 4690 inde
354 4649 556 4712 consequetur,
581 4639 755 4717 Diogenem,
778 4647 830 4722 qui
846 4646 989 4704 sexcentis
1004 4647 1033 4706 in

262 4719 334 4779 locis
346 4719 535 4802 Hermippum
547 4730 720 4804 nominavit,
734 4731 771 4791 de
787 4733 953 4793 Andronico
965 4755 1035 4792 uero

262 4807 347 4884 plane
358 4808 434 4888 silet,
447 4830 505 4870 non
513 4813 593 4874 illius
604 4835 721 4895 quoque
735 4820 880 4880 indicenti
892 4823 1033 4900 potuisse.

261 4895 352 4955 lllulto
364 4911 459 4964 autem
473 4902 573 4962 verius
590 4904 662 4963 illud
673 4921 755 4985 puto,
767 4906 965 4982 Plutarchum,
979 4929 1033 4969 suo

262 5003 354 5056 more,
372 4987 469 5046 minus
483 5004 614 5050 accurate
628 4993 756 5053 locutum
770 5014 842 5069 esse,
855 4997 897 5056 ita
911 5010 943 5057 ut
956 4997 1033 5056 πίνα-

262 5089 304 5134 κες
315 5091 390 5148 quos
400 5089 487 5134 vocat
503 5076 575 5138 nihil
589 5078 668 5140 aliud
682 5081 742 5141 siut
753 5103 838 5160 quam
852 5093 1033 5164 πραγματεῖαι

264 5159 436 5242 Porphyrii,
459 5165 613 5246 ipsumque
628 5169 827 5230 Andronicum
849 5173 961 5233 nullum
982 5195 1034 5236 no·

1084 863 1180 942 Lips„
1206 864 1293 940 1842,
1308 882 1338 940 p.
1361 861 1413 934 157
1431 864 1587 937 :Epistoloe
1606 863 1687 933 alioe,
1706 882 1776 937 quas
1796 866 1864 919 XX

1085 955 1163 1014 titre
1177 954 1351 1008 Andronicus
1365 956 1469 1006 invertit
1478 964 1585 1025 praeter
1598 951 1674 1023 illas,
1690 970 1755 1026 φατε
1769 957 1800 1006 in
1824 955 1859 1007 n·-

1085 1042 1133 1096 bno
1148 1043 1177 1094 V
1186 1042 1337 1095 Andronici
1349 1040 1386 1094 de
1399 1025 1559 1093 Aristotelis
1579 1043 1692 1112 scriptis
1705 1058 1860 1095 memoran-

1086 1142 1139 1198 tur,
1160 1129 1223 1186 sive
1236 1139 1269 1185 ut
1281 1125 1357 1204 apud
1376 1124 1520 1183 Casirium
1533 1124 1645 1183 editum
1659 1138 1713 1195 est,
1728 1146 1758 1202 p.
1773 1127 1833 1183 tot
1849 1150 1857 1184 :

1085 1219 1161 1271 Adice
1179 1218 1326 1290 Epistolee,
1344 1211 1410 1270 libri
1430 1215 1496 1269 XX
1516 1220 1653 1268 recensuit
1669 1202 1857 1278 Andinnicrrs,

1082 1306 1263 1378 prwterillas
1274 1323 1339 1378 quae
1345 1309 1375 1357 ιἰι
1384 1303 1454 1356 libro
1460 1304 1488 1353 V
1491 1303 1643 1359 Andronici
1652 1315 1856 1360 memorantur:

1086 1393 1134 1447 ubi
1155 1405 1185 1447 et
1208 1393 1368 1447 Aristotelis
1391 1391 1521 1444 librorum
1543 1391 1629 1444 index
1654 1389 1801 1463 occurrit),
1823 1391 1860 1448 de

1087 1478 1242 1536 Aristotele
1266 1476 1461 1554 conscripsit,
1488 1495 1553 1533 cum
1583 1476 1681 1534 multis
1712 1477 1797 1549 aliis,
1826 1493 1860 1537 ut

1086 1566 1210 1644 exempli
1226 1585 1313 1624 causa
1328 1577 1497 1622 testamento
1510 1564 1688 1637 Aristotelis,
1708 1565 1787 1642 quod
1798 1565 1859 1642 jam

1090 1654 1266 1732 liermippus
1277 1652 1394 1732 dederat
1404 1651 1454 1727 (cf.
1465 1651 1569 1710 Athen.
1581 1649 1665 1724 Xlll,
1675 1673 1707 1730 p.
1722 1653 1823 1729 589,C
1833 1668 1862 1711 et

1086 1738 1862 1820 XV,p.696,F),tabulamquoqueabllermippocon-

1087 1829 1177 1888 ditum
1194 1841 1322 1888 mutuam
1341 1829 1510 1906 sumpsisse.

1126 1917 1190 1974 Non
1211 1917 1304 1992 magis
1327 1928 1423 1974 autem
1448 1934 1534 1992 quam
1558 1913 1596 1973 ab
1622 1915 1807 1992 Andronico,
1823 1917 1861 1975 ab

1087 2007 1146 2065 illis
1168 2007 1220 2083 qui
1235 2017 1334 2083 postca
1356 2005 1494 2062 vixerunt
1507 2003 1710 2081 Peripateticis
1729 2005 1799 2064 novi
1814 2009 1862 2064 in·

1087 2093 1167 2152 dices
1181 2092 1347 2152 Aristotelis
1356 2090 1497 2150 librorum
1508 2092 1667 2170 conscripti
1682 2111 1744 2152 esse
1758 2095 1861 2153 viden·

1088 2195 1136 2240 tur
1151 2205 1159 2241 ι
1174 2182 1206 2240 ἰιι
1221 2181 1272 2239 tali
1286 2180 1364 2240 enim
1378 2199 1409 2237 re
1429 2199 1483 2237 nec
1501 2179 1639 2240 Nicolaus
1654 2182 1860 2259 Darrsascenus,

1088 2289 1141 2327 nec
1150 2269 1293 2327 Adrastus
1302 2268 1474 2326 nominandi
1485 2269 1611 2347 suntlrl.
1624 2267 1707 2328 Unus
1716 2271 1805 2346 igitur
1816 2291 1862 2329 re·

1086 2369 1144 2414 stat
1156 2357 1341 2427 Ptolemaeus,
1350 2355 1433 2432 cujus
1446 2360 1584 2414 indiculus
1597 2365 1627 2414 in
1639 2361 1708 2415 libro
1721 2362 1763 2415 ari
1773 2364 1861 2432 Agal-

1089 2449 1137 2502 lim
1147 2444 1203 2524 (vel
1214 2449 1373 2518 Agallinm,
1388 2443 1467 2521 quod
1481 2465 1600 2521 nomen,
1613 2458 1646 2503 ut
1654 2444 1785 2523 γνωρίμω
1798 2447 1866 2504 Ari·

1086 2532 1239 2610 stophanis
1253 2531 1401 2608 Byzantii,
1413 2531 1443 2589 in
1466 2531 1558 2591 schol.
1573 2531 1674 2591 Venet.
1688 2534 1713 2590 A
1728 2534 1764 2593 ad
1779 2533 1864 2593 lliad.

1086 2645 1119 2691 α,
1139 2631 1196 2698 490
1211 2620 1332 2695 legitur3
1346 2619 1384 2681 ci.
1402 2618 1532 2681 Eustath.
1555 2620 1591 2678 ad
1612 2621 1697 2682 iliad.
1723 2644 1752 2698 p.
1777 2625 1864 2696 1150,

1088 2710 1150 2784 38),
1164 2710 1196 2766 in
1207 2708 1301 2766 fronte
1315 2707 1424 2768 indicis
1435 2708 1704 2781 llschemaluddini,
1719 2710 1796 2787 apud
1811 2711 1865 2768 (Ia-

1087 2796 1201 2868 sirium,
1215 2797 1247 2854 in
1261 2798 1398 2854 Biblioth.
1412 2800 1494 2856 arab.
1509 2799 1596 2873 hisp..
1610 2809 1630 2856 t.
1647 2796 1670 2870 l,
1683 2818 1712 2876 p.
1728 2799 1784 2868 304
1803 2799 1866 2858 lau·

1086 2883 1184 2947 datur.
1198 2886 1328 2944 Eundem
1338 2884 1526 2944 Ptolemaeum
1538 2905 1604 2944 cum
1616 2886 1788 2945 Andronico
1796 2907 1867 2945 oon·

1083 2971 1228 3048 junctum,
1248 2986 1348 3032 auctor
1359 2975 1426 3032 vitae
1437 2973 1602 3046 Mareianae,
1615 2995 1644 3052 p.
1661 2975 1687 3032 8.
1702 2975 1750 3035 ed.
1765 2973 1868 3033 llobbe

1085 3059 1203 3118 exhibet
1217 3080 1225 3120 t
1244 3058 1299 3120 Καὶ
1317 3062 1427 3140 τελευτᾷ
1439 3061 1522 3120 iarios
1533 3061 1659 3133 διαθήκην
1672 3061 1801 3142 ἔγγραφον
1815 3085 1867 3120 κα-

1086 3148 1217 3223 ταλιπὼν,
1238 3147 1256 3217 ἢ
1276 3148 1382 3226 φέρεται
1395 3149 1468 3226 παρά
1480 3171 1508 3206 τε
1525 3148 1686 3229 Ἀνδρονίκῳ
1699 3149 1746 3210 καλ
1763 3150 1867 3209 Πτολε·

1087 3233 1159 3313 μαίῳ
1173 3232 1241 3306 μετὰ
1261 3231 1335 3315 [τῶν]
1346 3235 1427 3294 πινοίκ
1441 3234 1499 3317 [ων]
1516 3239 1567 3295 τῶν
1587 3239 1666 3297 αιἰτοῦ
1687 3238 1867 3315 συγγραμμά-

1087 3344 1150 3379 των.
1170 3321 1256 3391 Quod
1277 3323 1303 3382 si
1323 3323 1395 3382 lides
1418 3324 1479 3384 ulla
1503 3324 1637 3386 habenda
1662 3338 1738 3386 esset
1756 3326 1862 3385 liavidi

1088 3410 1238 3481 Armenio,
1255 3413 1353 3470 onmis
1366 3411 1426 3488 jam
1447 3413 1484 3474 de
1500 3413 1556 3472 hoc
1578 3415 1735 3472 Ptolemaeo
1749 3413 1864 3473 sublata

1088 3499 1162 3556 foret
1173 3497 1316 3556 dubitatio
1328 3519 1336 3559 t
1347 3499 1409 3558 haec
1419 3501 1497 3559 enim
1512 3500 1563 3559 ille
1582 3501 1612 3558 in
1629 3501 1749 3560 Aristot.
1765 3501 1863 3575 Categ.

1088 3605 1117 3661 p.
1141 3606 1190 3659 aa,
1211 3587 1247 3657 A,
1274 3607 1306 3644 τι
1333 3608 1340 3644 t
1419 3590 1471 3646 τῶν
1495 3588 1707 3668 Ἀριστοτελικῶν
1727 3611 1864 3667 συγγραμ-

1087 3671 1177 3748 μοίτιον
1192 3674 1296 3733 πολλῶν
1319 3673 1415 3750 ὄντων,
1437 3674 1530 3755 χιλίων
1550 3675 1594 3735 τὸν
1613 3675 1722 3754 ἀριθμὸν
1746 3677 1804 3755 (a),
1830 3675 1866 3744 ὥς

1088 3782 1152 3839 φησι
1177 3762 1376 3838 Πτολεμαῖοςδ
1401 3763 1570 3844 Φιλάδελφος
1596 3763 1753 3846 ἀναγραφὴν
1778 3767 1864 3824 αὐτῶν

1087 3847 1265 3925 ποιησάμενος
1284 3850 1391 3910 καὶτὸν
1414 3853 1470 3930 βίον
1493 3852 1639 3912 αὐτοῦκαὶ
1661 3851 1709 3925 thr
1734 3851 1862 3914 διάθεσιν.

1088 3933 1123 3993 ln
1139 3935 1185 3994 his
1203 3937 1346 4013 insignem
1368 3939 1457 3998 latere
1471 3958 1601 4000 errorem
1624 3959 1710 3999 nemo
1723 3953 1768 3999 est
1789 3941 1862 4018 quin

1089 4023 1197 4096 videat,
1220 4025 1261 4084 iia
1276 4039 1308 4084 ut
1320 4026 1383 4085 sive
1397 4028 1474 4086 inter
1488 4029 1557 4087 illos
1582 4029 1741 4106 scriptores
1757 4029 1867 4105 quibus

1088 4110 1251 4170 Ptolemaeis
1267 4132 1371 4172 nomen
1387 4115 1455 4188 fuit,
1474 4116 1651 4194 quaerendus
1669 4116 1708 4174 sit
1725 4115 1772 4174 cui
1788 4115 1867 4174 hunc

1088 4198 1196 4257 librum
1223 4199 1397 4274 tribuamus,
1424 4204 1499 4276 sire,
1519 4204 1599 4282 quod
1622 4205 1713 4279 magis
1741 4205 1863 4263 sortasse

1089 4286 1252 4346 verisimile
1274 4292 1344 4361 erit,
1370 4288 1520 4350 Ptolemaei
1544 4311 1651 4350 nomen
1678 4290 1863 4369 Philadelphi

1089 4387 1167 4432 recte
1182 4393 1214 4432 se
1231 4373 1355 4448 habere,
1364 4378 1415 4435 sed
1439 4377 1511 4436 salso
1523 4378 1574 4437 hic
1588 4399 1644 4457 pro
1659 4378 1819 4458 llermippo
1831 4382 1866 4439 il-

1087 4461 1176 4518 latum
1188 4460 1391 4537 conjiciamus,
1409 4465 1505 4540 quod,
1528 4467 1686 4543 quominus
1702 4465 1865 4544 probahili-

1089 4549 1155 4606 tatis
1178 4547 1323 4625 quandam
1351 4550 1479 4627 speciem
1503 4550 1624 4627 lrabeat,
1649 4553 1699 4611 vix
1725 4553 1865 4632 impediet

1091 4635 1193 4695 titulus
1218 4635 1301 4709 libri,
1325 4637 1378 4715 qui
1392 4637 1461 4696 huic
1478 4654 1633 4717 personato
1655 4643 1809 4702 Ptolemaeo
1824 4641 1861 4700 ab

1087 4722 1189 4781 eodem
1204 4722 1470 4784 Dsclremaluddino
1484 4726 1625 4787 tribuitur
1640 4728 1696 4808 (ci.
1712 4729 1861 4787 Wenrich.

1113 4922 1184 4974 (tine
1199 4923 1242 4969 huc
1254 4935 1280 4968 re
1290 4922 1343 4967 ride
1354 4935 1406 4978 que
1418 4934 1435 4968 a
1445 4924 1512 4970 nohis
1526 4925 1646 4983 disputata
1658 4930 1713 4974 suot
1733 4929 1760 4974 io
1781 4928 1841 4975 libro
1857 4941 1864 4969 ε

1086 4989 1133 5034 Die
1139 4993 1273 5038 αενίοιιενιεα
1281 4992 1434 5042 &Wunder
1442 4994 1588 5041 Aristoteles.
1597 4997 1658 5054 Alps.
1668 5003 1732 5044 teat.
1742 5009 1765 5053 p.
1775 5003 1803 5043 ts
1811 5009 1863 5055 sqq.

1113 5063 1144 5116 lai
1156 5061 1192 5107 Ci.
1204 5063 1312 5109 eunddb.
1324 5074 1347 5117 p.
1357 5069 1392 5115 2⁴,
1404 5066 1431 5119 A,
1441 5072 1465 5110 ta
1475 5076 1481 5106 ε
1492 5063 1539 5106 τῶν
1550 5058 1735 5123 Ἀριστοτελικῶν
1745 5077 1864 5126 συγγραμ·

1087 5123 1167 5185 μάτων
1188 5127 1270 5190 χιλίων
1281 5127 1355 5176 ὄντων
1369 5128 1411 5176 τὸν
1427 5127 1532 5192 ἀριθμὸν,
1556 5133 1589 5188 ὡς
1602 5128 1744 5196 Ἀνδρόνικος
1761 5133 1859 5195 παραδί-

1087 5195 1168 5245 δωσιν.
1627 5207 1638 5230 ’
