4017 5984
190 433 249 491 tlt

188 562 419 640 quemadmodum
433 570 463 614 et
472 564 501 612 in
513 563 615 613 uentis.
630 558 749 630 Propter
762 556 837 630 quod
848 573 961 628 prouer-

188 653 299 707 bialiter
309 652 449 724 loquentes
457 647 577 701 dicimus
586 661 598 701 .·
607 643 754 699 inchoante
765 655 858 698 autern
868 655 963 700 austro

187 751 215 795 et
224 740 367 795 desinente
378 737 471 792 borea.
482 734 539 806 (lui
552 734 663 808 quidem
678 735 754 787 enim
765 741 858 787 auster
865 736 933 805 quia
943 751 963 786 a

191 827 405 902 longeperuenit
415 823 457 878 ad
465 839 529 889 nos,
545 826 638 894 primo
647 821 749 876 debilis
757 821 817 892 flat
822 861 829 888 ,
845 837 963 892 magnus

187 927 279 970 autem
294 913 334 986 fit
355 898 516 966 consumens
531 908 735 982 (consummans
751 925 784 966 v.
799 904 846 983 1.),
866 909 963 963 boreas

188 1013 281 1056 autem
291 1003 459 1054 contrarium
464 995 739 1071 propterhabitatum
747 996 835 1050 locum
844 999 964 1068 supponi

188 1090 230 1142 ad
240 1089 363 1142 boream.
378 1086 461 1142 Nilus
484 1096 578 1139 autem
597 1088 678 1138 veuit
691 1087 784 1156 primo
803 1086 961 1148 maximus,

184 1186 324 1248 postremo
352 1185 445 1228 autem
472 1177 623 1228 minoratus
641 1183 669 1226 et
693 1171 836 1242 deficiens.
867 1169 964 1224 Adhuc

190 1275 283 1318 antem
307 1262 483 1316 conventibus
501 1264 636 1316 mensium
658 1263 749 1330 magis
762 1258 831 1330 fluit
847 1269 875 1312 et
891 1256 964 1331 defi-

187 1355 275 1405 ciente
298 1351 365 1405 luna
399 1351 488 1422 magis
510 1365 594 1420 quam
616 1357 709 1402 stante
733 1357 762 1401 et
791 1346 962 1420 panselinis.

192 1438 344 1511 Oportebat
364 1447 456 1490 autern
484 1439 653 1490 contrarium
678 1451 689 1485 .·
710 1433 866 1504 plenilunio
892 1435 967 1486 enirn

188 1526 335 1600 congelata
358 1524 510 1582 tabescunt.
526 1523 562 1576 Et
584 1533 732 1578 ventorum
754 1521 866 1594 quando
886 1521 966 1575 boree

188 1615 329 1686 obtinent,
340 1613 391 1666 sed
401 1629 455 1666 non
469 1611 583 1688 quando
595 1609 674 1664 nothi
687 1630 697 1663 .-
708 1613 836 1682 quamois
846 1605 966 1682 liquefa-

127 1698 130 1704 '
190 1706 246 1754 ciat
268 1699 379 1772 quidem
404 1699 488 1753 borea
510 1716 582 1750 nunc
608 1701 699 1768 magis
721 1694 831 1750 nothus.
857 1695 966 1750 Eodem

190 1800 282 1842 autern
303 1787 394 1840 dicere
408 1790 535 1860 congruit
547 1797 575 1839 et
588 1785 629 1838 ad
640 1784 764 1837 dicentes
784 1782 822 1837 ab
837 1782 967 1836 Eracleis

188 1875 343 1946 columpnis
363 1873 467 1943 fluere.
494 1870 662 1926 Promathus
689 1886 765 1924 enim
792 1867 905 1924 Samius
928 1889 965 1925 en

189 1964 308 2034 Argenti
322 1972 431 2028 monte,·
447 1961 520 2021 undc
543 1972 571 2013 et
591 1959 726 2014 Cremetis
740 1954 788 2032 (cf.
805 1954 894 2014 Arist.
910 1955 967 2014 Me·

190 2047 294 2107 teorol.
314 2047 338 2118 1,
364 2046 410 2116 15,
437 2043 669 2123 21),liqutsacta
682 2050 751 2099 nive.
774 2044 875 2100 Adhuc
893 2050 966 2102 enim

185 2155 241 2210 per
248 2138 373 2211 amplius
380 2141 506 2210 spacium
512 2136 580 2206 fieri
585 2135 699 2206 fluxum
712 2151 720 2186 :
731 2151 788 2207 per
798 2143 883 2187 totam
894 2139 966 2188 enim

190 2227 301 2280 Libiam
316 2229 404 2296 ipsum
411 2225 505 2295 fluere
519 2225 619 2295 inquit.

229 2315 372 2367 liccam
386 2313 498 2384 quidem
512 2313 605 2384 igiatr,
616 2318 825 2381 propterquam
845 2309 967 2362 Anaxa-

192 2417 277 2474 goras
310 2403 352 2454 ait
382 2394 497 2470 effluere
527 2398 645 2466 Nilum,
672 2405 751 2449 tanta
783 2394 862 2450 dicta
889 2408 964 2452 sunt.

190 2484 336 2560 liiliquum
350 2497 443 2540 autem
458 2487 599 2540 modorum
611 2487 720 2556 eosqui
734 2499 790 2538 non
802 2480 910 2538 habent
922 2503 967 2538 ra-

193 2578 285 2628 ciones
296 2573 461 2628 verisimiles
473 2576 614 2646 posterius
635 2571 766 2626 dicemus.
782 2569 853 2625 Sunt
873 2583 967 2627 autem

192 2661 306 2735 quidam
316 2665 364 2735 qui
370 2659 682 2732 aiuntaugerisluuium
693 2667 809 2732 propter
818 2660 964 2726 anmsahs,

190 2746 317 2816 lontibus
327 2750 465 2803 incidente
475 2765 509 2803 ea
524 2747 599 2821 quod
605 2757 688 2801 entra
697 2750 781 2806 mari.
796 2747 847 2802 Hii
857 2759 962 2816 autem,

190 2837 339 2892 calidiores
347 2841 496 2892 existentes
500 2830 600 2905 fontes
608 2852 665 2910 per
675 2845 791 2890 estatem
800 2835 968 2909 superfluere

190 2925 339 2980 accedente
345 2925 403 2980 sole
410 2925 450 2978 ad
458 2941 569 2980 ursam:
580 2927 671 2996 magis
677 2928 753 2978 enim
759 2919 874 2996 sertore
877 2924 965 2994 fluere

190 3030 293 3086 aquam
307 3030 392 3086 quam
402 3007 526 3084 frigore.
545 3011 667 3082 Quarum
679 3023 823 3083 utrumque
836 3012 968 3068 mediocri

191 3101 307 3174 dignum
321 3111 362 3156 est
370 3100 599 3154 consideratione.
617 3099 672 3168 Qui
685 3099 799 3170 quidem
810 3104 883 3154 enim
895 3119 967 3173 pro-

189 3198 253 3259 pter
266 3187 422 3253 annuales,
436 3187 569 3240 uidentur
581 3185 651 3239 solvi
669 3185 771 3239 eisdem
792 3187 965 3256 racionibus,

191 3291 261 3346 quas
271 3273 384 3346 quidem
396 3284 423 3326 et
431 3277 515 3346 prius
528 3273 669 3340 diximus,
681 3283 710 3326 et
723 3272 798 3344 quod
814 3291 868 3346 per
882 3286 967 3330 totam

192 3361 300 3414 libiam
308 3359 404 3432 fluens
419 3361 493 3414 idem
505 3357 604 3424 facere
616 3364 752 3415 consuevit
758 3360 873 3431 fluuitts.
888 3363 971 3432 Quod

193 3459 287 3502 autem
311 3458 419 3502 tantam
441 3459 535 3502 sumat
558 3448 735 3502 addicionem
761 3466 836 3522 aqua
854 3462 979 3524 propter

186 3531 342 3604 servorem,
359 3537 550 3592 irrationabile
575 3537 710 3606 totaliter,
734 3541 801 3610 quia
828 3555 883 3593 non
902 3541 969 3612 plus

188 3617 265 3684 lacit
274 3633 389 3700 propter
403 3620 508 3684 seruere
521 3626 670 3680 secundum
688 3637 821 3680 tumorem
835 3631 967 3682 maiorem

192 3711 315 3766 eiusdem
328 3713 527 3781 multitudinis.

232 3799 391 3875 Nicagoras
406 3797 531 3874 (nomen
546 3809 655 3856 rectum
682 3817 714 3857 se
735 3797 843 3858 habere
865 3799 970 3858 docent

191 3881 290 3944 Schol.
302 3883 400 3962 Apoll.
414 3882 509 3943 Rhod.
520 3882 568 3955 IV,
578 3885 636 3959 269
645 3897 674 3943 ct
687 3883 879 3945 Callimachus
891 3887 969 3965 apud

192 3971 289 4047 Antig.
305 3969 412 4030 Mirah.
431 3992 456 4031 c.
481 3972 549 4049 157)
571 3987 666 4030 autem
691 3977 804 4048 Ciprius
820 3981 861 4032 ait
880 3982 969 4052 ipsum

189 4061 280 4130 littere
303 4061 427 4134 amplius
451 4074 599 4130 estatem,
614 4060 791 4136 quodsontes
804 4065 914 4120 habeat
933 4085 970 4122 ee

195 4161 269 4203 terr-a
285 4149 326 4204 ad
338 4149 418 4204 illam
429 4162 556 4224 partam,
571 4155 600 4204 in
610 4171 665 4224 qua
676 4152 773 4224 hyems
784 4166 843 4221 cst,
858 4157 971 4228 quaudo

194 4232 280 4295 suerit
293 4237 372 4312 apud
387 4255 437 4292 nos
449 4251 533 4308 estas.
547 4239 612 4294 Non
630 4241 719 4313 plane
739 4255 832 4298 autern
848 4241 902 4298 hoc
920 4245 970 4299 de·

194 4327 333 4380 terminat.
348 4323 465 4380 Videtur
475 4336 568 4380 autem
588 4325 680 4380 nichil
691 4333 853 4399 negociatus
876 4327 970 4402 (nego-

731 419 975 496 insistemus
997 418 1247 480 FRAGMENTA.

1015 566 1091 621 sunt,
1120 573 1174 627 quc
1207 565 1300 609 autem
1329 553 1476 609 habitatur
1486 573 1554 613 una.
1574 558 1686 612 Accidit
1707 563 1795 633 igitur·

1013 647 1185 716 pertransire
1190 642 1329 714 fluentem
1340 643 1429 716 dupla
1441 653 1550 698 tantam
1561 649 1702 718 regionem
1723 648 1790 701 loti·

1017 733 1119 786 tudinis
1143 730 1268 786 habitate
1294 743 1325 786 et
1351 749 1409 805 per
1431 728 1647 788 inhabitabilem
1675 745 1798 809 propter

1016 836 1157 874 excessum
1170 820 1286 877 ardoris.
1300 821 1403 893 ltaque
1414 823 1440 873 si
1456 838 1544 892 nequo
1563 825 1658 876 stetin
1678 827 1792 877 circuitu

1016 912 1102 962 maris
1118 908 1212 981 Libie,
1223 907 1275 962 sed
1296 913 1442 964 continuus
1456 926 1621 983 progressus
1631 920 1691 966 tam
1704 916 1792 966 inter-

1016 999 1154 1052 minatam
1185 999 1339 1069 pertransit
1369 997 1561 1064 latitudinem,
1577 1009 1695 1072 propter
1720 1000 1799 1073 quod

1016 1083 1126 1157 quidem
1144 1095 1172 1137 et
1188 1102 1208 1137 a
1224 1088 1286 1138 niue
1302 1083 1453 1139 dicentibus
1461 1085 1557 1155 fluere
1574 1088 1690 1153 accidit,
1708 1099 1738 1142 et
1752 1092 1798 1143 sic

1017 1170 1171 1228 dicentibus
1183 1171 1364 1245 impossibile.

1057 1262 1175 1315 Restant
1185 1270 1280 1314 autem
1297 1272 1353 1314 tres
1372 1259 1466 1314 adhuc
1488 1260 1564 1316 modi
1580 1263 1716 1318 dictorum
1727 1303 1736 1331 ,
1748 1281 1793 1317 se·

1018 1347 1137 1402 cundum
1149 1365 1218 1420 quas
1231 1351 1394 1422 contigimus
1405 1350 1506 1402 annuis
1518 1353 1628 1422 augeri.
1644 1351 1682 1404 ln
1696 1348 1800 1413 treme

1019 1439 1092 1489 enim
1114 1432 1213 1490 ablata
1232 1452 1284 1508 que
1299 1439 1391 1489 inerat
1402 1452 1500 1508 aqua:
1515 1433 1569 1490 hoc
1586 1449 1678 1492 autem
1702 1442 1801 1508 utique

1019 1523 1138 1579 eritsole
1150 1523 1324 1591 desiccante,
1340 1523 1573 1597 quemadmodum
1583 1525 1651 1579 dicit
1662 1526 1795 1580 Eroelotus

1019 1606 1183 1673 fabularum
1197 1615 1323 1686 scriptor.
1337 1613 1401 1669 Non
1414 1615 1491 1667 enirn
1503 1617 1545 1666 ait
1553 1617 1583 1666 in
1596 1612 1696 1680 hyeme
1707 1615 1793 1668 solem

1016 1716 1070 1771 per
1090 1700 1200 1754 libiam
1217 1695 1321 1770 facere
1351 1697 1597 1767 habundanciam,
1613 1704 1669 1755 nisi
1687 1705 1712 1754 si
1728 1717 1801 1756 con·

1020 1789 1111 1860 tingat
1131 1787 1219 1841 haim
1242 1785 1310 1842 hinc
1332 1788 1432 1842 ducere
1455 1785 1614 1852 humorem,
1636 1789 1711 1842 circa
1728 1805 1795 1841 oer-

1019 1878 1113 1928 siones
1125 1887 1219 1929 autem
1234 1875 1366 1930 estivalis
1378 1875 1420 1929 ad
1433 1887 1540 1930 arctum
1558 1879 1665 1929 uenire.
1679 1875 1800 1948 Nequa-

1020 1979 1104 2033 quam
1117 1972 1212 2016 autem
1225 1961 1328 2016 dicitur
1337 1965 1471 2035 exquisite
1489 1981 1500 2015 .·
1514 1979 1603 2034 aeque
1614 1965 1689 2016 enim
1698 1964 1729 2020 N
1727 1963 1800 2016 ilum

1020 2049 1164 2121 oportebat
1182 2046 1287 2119 facere
1309 2050 1398 2104 solum
1423 2049 1483 2104 hoc.
1507 2049 1641 2105 Similiter
1664 2055 1739 2105 enim
1759 2069 1803 2105 ea*

1020 2135 1102 2191 libia
1114 2147 1172 2190 tota
1184 2137 1259 2190 idem
1270 2137 1339 2190 dicit
1346 2137 1432 2192 solem
1447 2135 1560 2191 trahem
1571 2136 1733 2207 humorem,
1744 2157 1803 2210 pu·

1021 2232 1134 2294 tareque
1157 2226 1332 2295 supervenire
1358 2221 1506 2277 habitabili
1534 2225 1620 2281 solem
1646 2225 1797 2280 secundmn

1021 2321 1354 2382 quamcunquepartem,
1375 2312 1499 2365 sacltum.
1517 2311 1626 2384 Ubique
1644 2329 1797 2383 gnomones

1021 2396 1148 2452 umbram
1162 2398 1204 2452 ad
1216 2397 1357 2452 meridiem
1370 2394 1489 2467 faciunt
1510 2411 1538 2453 et
1558 2417 1613 2452 non
1634 2398 1687 2455 hoc
1707 2398 1796 2471 diffe-

1020 2498 1101 2557 runt,
1114 2486 1167 2540 sed
1181 2503 1235 2558 per
1252 2488 1385 2549 maiorem
1404 2497 1456 2540 aut
1475 2490 1608 2540 minorem
1617 2484 1723 2555 facere
1734 2507 1797 2542 um-

1022 2572 1113 2630 bram.
1123 2568 1236 2628 Libiam
1251 2584 1337 2628 totam
1347 2572 1611 2647 amphithalassiam
1625 2578 1704 2630 aiunt
1718 2593 1802 2644 esse,

1022 2672 1167 2734 tamquam
1179 2679 1241 2714 cum
1259 2665 1309 2715 iste
1323 2662 1420 2717 modus
1430 2663 1541 2735 quidem
1561 2680 1656 2721 cansce
1669 2668 1797 2737 impossi-

1022 2749 1094 2808 bilis.

1060 2838 1205 2910 Reliquum
1225 2849 1318 2894 autem
1332 2839 1451 2892 duanun
1469 2850 1615 2914 utrumque
1627 2840 1720 2895 dicere
1740 2847 1792 2899 est.

1019 2926 1073 2982 'Est
1084 2931 1158 2982 enim
1171 2944 1229 2982 una
1239 2928 1350 3001 qra'dem
1365 2946 1469 2997 causa,
1484 2932 1551 3001 quia
1567 2941 1641 2984 terra
1659 2926 1803 3003 superser-

1021 3032 1086 3070 uens
1102 3019 1225 3070 existens
1236 3013 1335 3086 hyeme
1347 3034 1395 3082 eo,
1408 3017 1484 3088 quod
1495 3022 1524 3077 in
1539 3018 1591 3070 tali
1599 3013 1800 3085 sundofontes

1020 3105 1091 3169 sint,
1104 3105 1165 3160 Nili
1181 3104 1337 3158 desiccatur
1350 3119 1436 3176 aqua.
1458 3105 1542 3174 Quod
1559 3105 1670 3176 quidem
1680 3116 1709 3157 et
1733 3106 1799 3159 aliis

1021 3191 1144 3245 accidit:
1156 3202 1228 3264 puto
1238 3195 1268 3244 in
1279 3191 1382 3261 Frigia
1397 3202 1463 3246 sunt
1479 3195 1574 3263 putei,
1588 3196 1636 3263 qui
1656 3195 1686 3244 in
1707 3191 1803 3246 hieme

1021 3277 1130 3349 quidem
1152 3289 1217 3332 sunt
1235 3281 1314 3343 sicci,
1332 3280 1361 3328 in
1376 3288 1464 3331 estate
1486 3287 1580 3332 autem
1600 3279 1750 3350 replentur.
1763 3280 1804 3333 llt

1021 3369 1050 3420 in
1069 3364 1198 3420 Olinthia
1225 3365 1389 3420 Calcidonie
1415 3367 1531 3437 quidam
1549 3371 1628 3438 putei
1645 3366 1801 3440 plenissimi

1020 3465 1085 3507 sunt
1094 3464 1191 3509 estate.
1204 3452 1285 3506 lianc
1296 3453 1407 3526 quidem
1420 3459 1505 3525 igitur
1522 3472 1640 3510 causam
1661 3467 1692 3510 ut
1707 3460 1798 3512 racio·
1891 3505 1898 3516 .

1021 3539 1186 3595 nobiliorem
1205 3533 1369 3593 existentem
1391 3540 1456 3606 illa,
1484 3559 1568 3614 quarn
1587 3543 1709 3615 predicti
1726 3548 1802 3598 assi·

1021 3638 1131 3700 gnant,
1145 3628 1312 3681 dirimamus
1319 3631 1411 3702 prius.

1061 3717 1144 3770 Nunc
1156 3728 1249 3771 autem
1268 3718 1440 3791 relinquetur
1455 3717 1519 3772 sola
1546 3737 1633 3773 carisa
1649 3721 1796 3777 dictorum.

1022 3804 1103 3858 Hanc
1123 3822 1238 3860 causam
1258 3805 1420 3870 dicendum,
1444 3806 1648 3881 propterquod
1664 3812 1723 3863 iam
1744 3827 1803 3864 non

1020 3888 1168 3964 problema
1186 3895 1300 3948 uidetur
1317 3911 1377 3948 esse
1394 3911 1406 3950 .·
1422 3899 1450 3948 ia
1471 3913 1581 3950 sensum
1602 3901 1679 3950 enim
1701 3903 1799 3963 venit,

1023 3981 1255 4052 quemadmodum
1269 3999 1324 4055 per
1337 4000 1368 4036 se
1380 3983 1510 4036 videntes
1524 3979 1637 4051 factio
1655 3989 1732 4041 uhts.
1751 3986 1799 4036 Vi·

1024 4067 1127 4121 dentur
1146 4072 1218 4122 enim
1233 4086 1307 4140 aque
1319 4064 1399 4134 facte
1412 4086 1468 4142 per
1484 4080 1609 4143 tempora
1623 4069 1675 4124 hec
1693 4089 1714 4124 a
1727 4089 1803 4126 cane

1025 4156 1164 4226 usquead
1179 4167 1320 4208 arcturum
1338 4156 1424 4210 multe
1437 4167 1466 4209 et
1478 4155 1684 4223 habundanter,
1698 4155 1801 4222 hyeme

1023 4255 1117 4298 autem
1140 4243 1225 4298 nulle.
1240 4243 1276 4296 lt't
1286 4242 1392 4313 flumas
1411 4248 1578 4316 nutriuntur,
1591 4263 1653 4300 cum
1674 4258 1801 4298 crescunt

1024 4334 1052 4384 in
1065 4334 1142 4403 ipsis.
1153 4330 1192 4384 Et
1206 4330 1384 4403 propterhoc
1399 4330 1486 4386 simul
1500 4331 1668 4386 annualibus
1686 4331 1799 4386 aduenit

194 4415 288 4476 cintur,
307 4415 481 4482 negociacius
494 4429 525 4468 v.
542 4409 573 4487 l.)
588 4431 646 4468 esse
665 4419 743 4470 circa
765 4414 817 4470 hoc
833 4416 908 4487 quod
926 4418 970 4472 di·
1016 4417 1125 4490 flnoius
1140 4435 1151 4469 .·
1165 4420 1211 4472 isti
1223 4421 1296 4473 enim
1311 4419 1429 4474 nebulas
1442 4423 1569 4474 manime
1584 4414 1685 4487 fentnt
1705 4423 1735 4494 in
1753 4437 1798 4474 re·

194 4502 266 4553 citur
279 4516 285 4552 :
299 4500 384 4552 simul
395 4503 471 4554 enim
483 4501 561 4555 nobis
570 4513 645 4556 estas
656 4502 726 4572 fitet
736 4501 832 4574 hyems
841 4506 870 4555 in
879 4503 971 4558 altera

195 4605 266 4642 aona
279 4585 485 4658 habitantibus,
498 4591 693 4644 intermedirun
713 4601 807 4646 autem
830 4588 969 4646 inhabita-

196 4675 250 4728 bile
263 4685 304 4728 est
321 4676 396 4748 quod
409 4679 507 4749 tropici
528 4677 655 4731 incidunt
667 4677 703 4732 de
729 4689 814 4734 terra.
831 4677 882 4732 Est
897 4681 970 4732 euim

197 4781 254 4816 urta
263 4763 373 4836 quidem
384 4781 454 4837 pars
465 4761 547 4840 haec,
560 4765 652 4820 altera
664 4776 851 4838 anteaquam
864 4783 972 4840 semper

196 4847 363 4922 manifestus
382 4854 498 4908 cirouhts
510 4864 538 4907 et
551 4871 634 4926 quam
648 4869 757 4926 semper
768 4849 972 4922 immanifestus

197 4939 395 4996 ‹lercrminaut
411 4941 509 4996 Media
529 4950 622 4994 autem
646 4938 742 4994 horum
762 4949 792 4994 et
810 4942 971 5011 tropicarum

1022 4509 1135 4576 glanem
1164 4515 1191 4559 et
1221 4509 1375 4580 quicunque
1403 4506 1455 4560 alii
1479 4509 1559 4562 venti
1577 4504 1652 4577 fiunt
1672 4508 1800 4562 estisales

1024 4603 1091 4648 ante
1112 4591 1170 4648 hos.
1192 4593 1301 4664 Quibus
1323 4590 1532 4664 offendentibus
1554 4594 1595 4648 ad
1618 4606 1725 4650 montes
1750 4597 1799 4650 sle·

1026 4681 1117 4741 sinunt
1141 4698 1214 4754 aque
1246 4684 1287 4736 ad
1319 4693 1437 4754 stagna,
1466 4699 1521 4754 per
1545 4701 1599 4754 quc
1623 4684 1707 4738 Nihss
1718 4685 1799 4755 fluit.

1024 4767 1125 4824 Adhuc
1151 4781 1244 4826 autem
1266 4783 1294 4826 et
1318 4788 1383 4843 quoe
1403 4789 1424 4824 a
1445 4774 1506 4824 nire
1530 4769 1683 4826 dicentibus
1706 4772 1802 4843 fluere

1024 4857 1286 4914 subcontrarietates
1300 4859 1484 4931 testificantur
1499 4856 1566 4912 laic
1578 4862 1687 4913 racioni
1692 4900 1701 4928 ,
1712 4861 1799 4932 quod·

1025 4964 1082 5018 que
1099 4957 1128 5001 et
1147 4951 1199 5002 toti
1220 4947 1394 5003 conventibus
1410 4950 1542 5001 mensium
1566 4951 1659 5021 magis
1678 4943 1804 5003 crescere

197 5025 321 5081 habitari
341 5030 477 5101 contingit
497 5033 526 5082 in
549 5031 663 5083 circuitu
683 5038 779 5082 terre:
799 5026 861 5081 sola
878 5037 971 5082 autem
1018 5033 1166 5104 fluuium:
1194 5037 1295 5088 etenim
1330 5049 1404 5105 aque
1432 5044 1626 5095 consueverunt
1644 5035 1715 5107 fieri
1736 5046 1800 5088 tnnc

197 5131 251 5184 que
272 5117 437 5170 intermedia
458 5128 513 5186 est,
526 5117 592 5172 solis
609 5119 738 5171 transitus
752 5118 887 5182 existens,
900 5115 971 5168 clua-

198 5217 259 5255 rum
281 5219 411 5259 zonarum
435 5199 607 5280 tnaguitudo.
632 5207 696 5261 Due
722 5209 797 5261 enim
822 5205 974 5260 decisiones

1027 5124 1133 5193 magis,
1149 5132 1179 5175 et
1196 5120 1271 5194 quod
1282 5134 1337 5174 non
1356 5123 1489 5176 similiter
1501 5126 1642 5195 copiosum
1665 5119 1800 5176 inchoans

1027 5227 1089 5264 curn
1110 5219 1264 5282 postremo,
1288 5207 1382 5264 adhuc
1399 5221 1493 5265 autem
1511 5210 1623 5284 quando
1640 5209 1719 5265 nothi
1722 5209 1804 5282 flant
