4017 5984
224 423 261 482 Ιδ
760 417 1003 480 ARISTOTELIS
1025 418 1274 481 FRAGMENTA.

223 571 307 630 posse
316 550 477 630 respondit,
488 549 583 609 statim
594 547 817 629 veroadditffip.
830 549 865 608 ad
876 552 934 610 An.
946 549 996 621 tv,
1018 556 1025 668 Ι
1051 550 1123 608 titur
1137 568 1195 607 uon
1210 549 1305 608 solum
1317 548 1466 608 Ciceronis
1480 549 1580 610 verbis
1592 571 1657 629 qua·
1667 550 1728 629 jam
1738 571 1825 632 supra

226 640 261 696 16
275 660 283 695 ε
295 643 397 714 Itaque
408 641 575 716 cogitabam,
585 644 716 712 quereiam
730 643 758 692 in
776 641 896 712 singulis
919 641 999 694 libris
1019 671 1024 733 Ι
1050 657 1088 696 ex
1098 637 1237 714 Epistolis
1251 636 1287 694 ad
1303 638 1392 697 Attic.
1408 634 1490 704 xlll,
1509 647 1587 715 19,d
1604 641 1763 712 attulimus,
1775 644 1824 699 sed

222 741 284 782 utor
301 732 458 802 prooemiis,
475 739 506 780 ut
527 728 688 782 Aristoteles
707 731 737 781 in
756 731 791 781 ιἰἰ
808 746 877 802 quor
902 723 997 792 δίωτι-
1049 739 1078 784 et
1086 726 1124 785 iis
1136 745 1202 802 quae
1211 728 1242 784 in
1253 723 1385 802 Epistola
1393 725 1429 784 ad
1440 725 1581 795 Quintum
1595 728 1722 800 fratrent,
1733 726 1823 801 lll‚5,

222 810 306 890 ρικοδς
325 828 422 886 vocat,
445 816 556 889 aliquid
577 812 692 886 efficere
706 827 738 870 ut
760 821 842 870 istum
868 833 923 871 non
937 819 999 869 sine
1049 814 1180 892 scripsit,
1188 813 1516 890 nempeipsidristoteli
1527 814 1558 872 in
1566 813 1604 874 iis
1615 835 1678 892 qua
1687 815 1723 874 de
1737 835 1824 895 repu-

221 922 306 960 cansa
317 906 500 978 appellarem.
516 899 560 958 Ex
572 900 626 958 hoc
637 919 708 958 vero
721 901 784 958 loco
796 903 804 966 Ι
812 919 945 978 cumque
958 901 994 961 el.
1050 899 1128 959 blica
1141 913 1170 958 et
1184 913 1337 979 praestante
1349 901 1415 958 viro
1426 902 1588 978 scripserit,
1603 903 1634 962 id
1648 916 1703 976 est,
1719 904 1822 963 sivein
1861 972 1864 975 ,

222 989 312 1068 Epist.
341 990 376 1049 ad
398 993 457 1050 Att.
484 987 562 1061 xvl,
583 989 613 1060 6,
637 1001 666 1046 et
686 987 774 1061 Xlll,
798 989 852 1066 32)
877 989 998 1047 sortasse
1050 987 1167 1064 dialogo
1189 989 1225 1045 de
1245 986 1382 1058 lustitia,
1398 987 1461 1045 sive
1483 988 1513 1045 in
1539 987 1593 1046 illo
1619 991 1671 1066 qui
1687 991 1823 1058 Πολιτικὸς

221 1078 393 1156 explicanda
414 1090 482 1138 sunt
502 1097 565 1154 quae
584 1076 662 1154 apud
680 1075 804 1134 eundem
826 1075 995 1135 Ciceronem
1050 1074 1268 1146 nominabatur,
1300 1093 1366 1133 suas
1393 1087 1490 1152 partes
1515 1074 1614 1135 luisse.
1646 1075 1704 1136 Nec
1727 1077 1825 1136 tainus

208 1165 292 1224 ‘alibi
308 1166 454 1243 leguntur,
471 1163 524 1243 Ep.
541 1163 577 1222 ad
598 1164 706 1222 divers.
721 1162 747 1234 Ι,
768 1184 799 1239 9,
816 1164 852 1220 23
870 1185 877 1221 ε
893 1165 998 1239 Scripsi
1049 1163 1197 1238 egregium
1212 1161 1248 1220 de
1271 1163 1324 1220 hac
1344 1180 1376 1220 re
1394 1162 1491 1220 Procli
1515 1174 1608 1220 exstat
1627 1163 1823 1224 testimonium

222 1261 310 1328 igitur
328 1256 483 1310 Aristotelis
504 1272 593 1322 more,
617 1254 854 1326 quemadmodum
882 1255 995 1327 quidem
1050 1250 1127 1329 apud
1141 1249 1284 1309 Ioannem
1299 1249 1417 1328 Philop.
1435 1249 1478 1308 De
1491 1248 1593 1307 mundi
1612 1263 1713 1311 aetern.
1731 1250 1777 1328 ll,
1794 1274 1823 1325 a,

222 1344 301 1398 uolui
308 1383 316 1410 ,
333 1355 387 1397 tres
401 1342 483 1396 libres
498 1344 526 1394 in
537 1341 774 1413 disputationibus
789 1360 824 1395 ac
836 1342 953 1414 dialogo
961 1345 997 1396 de
1051 1339 1101 1399 fol.
1130 1339 1163 1410 B,
1191 1360 1204 1396 1
1231 1356 1333 1409 verso,
1363 1337 1441 1415 quod
1464 1337 1540 1395 inira
1565 1337 1642 1397 inter
1667 1339 1825 1415 fragmenta

223 1431 345 1494 Oratore,
365 1427 406 1484 ita
420 1437 462 1496 ut,
479 1421 603 1502 queehlc
617 1423 828 1503 disputationes
843 1439 994 1497 vocantur,
1049 1425 1158 1503 dialogi
1184 1427 1221 1484 de
1246 1425 1441 1502 Philosophia
1463 1425 1663 1504 apposuimus.
1689 1426 1822 1486 Ceterum

220 1513 293 1571 nihil
310 1513 390 1572 aliud
404 1513 463 1571 sint
472 1532 558 1590 quarn
569 1513 633 1591 ipsa
645 1514 696 1572 illa
711 1514 871 1594 prooemia,
887 1514 919 1572 in
929 1515 994 1592 qui·
1049 1514 1085 1572 de
1100 1513 1234 1592 personis
1246 1534 1317 1591 quas
1333 1514 1501 1572 Aristoteles
1514 1515 1546 1572 in
1560 1513 1686 1589 dialogis
1700 1515 1824 1575 induxe-

219 1599 275 1660 bus
284 1601 378 1679 ipsius
389 1601 516 1660 auctoris
530 1603 688 1678 exponitur·
702 1601 855 1660 sententia.
870 1600 955 1672 Quod
968 1603 993 1660 si
1049 1603 1104 1677 rit,
1133 1620 1247 1660 verane
1267 1621 1304 1658 an
1332 1602 1403 1658 licta
1425 1601 1549 1672 suerint,
1590 1600 1665 1659 nihil
1695 1602 1820 1680 amplius

220 1708 320 1746 verum
333 1702 386 1759 est,
406 1708 463 1747 non
475 1687 536 1765 jam
552 1687 620 1747 huie
634 1690 699 1748 loco
718 1690 791 1747 alter
807 1687 993 1766 repugnabit,
1051 1701 1231 1766 compertum
1253 1687 1412 1759 habemus,
1432 1688 1491 1746 nisi
1506 1687 1585 1765 qnod
1604 1686 1641 1745 de
1660 1687 1714 1746 hac
1728 1708 1761 1746 re
1783 1707 1822 1746 ex

219 1776 249 1833 in
265 1791 323 1853 quo
337 1777 378 1834 ita
398 1776 516 1847 Cicero,
532 1775 624 1855 Epist.
640 1777 676 1835 ad
694 1785 750 1838 att.
777 1775 928 1852 Xlll,19‚
950 1786 965 1845 Ι
986 1801 993 1837 :
1047 1775 1213 1852 antiquiore
1226 1775 1430 1848 sortassellonte
1439 1787 1588 1852 acceptum
1596 1775 1685 1833 tradit
1696 1774 1824 1839 loannes

218 1865 288 1920 Sunt
296 1872 382 1921 etiarn
392 1869 428 1921 de
436 1868 553 1920 Oratore
564 1871 651 1921 nostri
660 1880 720 1934 tres,
739 1865 995 1921 mibivebementer
1046 1861 1229 1940 Philoponus
1240 1862 1272 1920 in
1286 1861 1419 1936 Calegor.
1432 1882 1463 1938 p.
1481 1863 1527 1931 36,
1546 1861 1593 1933 B„
1610 1863 1647 1919 αδ
1665 1884 1671 1920 :
1686 1861 1734 1922 Ἐν
1749 1860 1777 1921 δί
1793 1885 1823 1938 γε

215 1953 336 2025 pmbati.
358 1957 445 2008 ineis
462 1971 569 2027 quoqne
579 1972 622 2008 ια’
634 1973 764 2027 personae
778 1966 858 2029 sunt,
882 1967 913 2009 ut
925 1954 995 2009 ntilri
1045 1951 1098 2018 τοῖς
1111 1951 1277 2028 διαλογιιιοῖς,
1291 1947 1382 2030 διερὸς
1395 1948 1453 2015 τοὺς
1464 1947 1574 2015 πολλοὺς
1583 1951 1654 2029 αὐτῷ
1665 1950 1822 2029 γίγραττται,

219 2043 367 2096 tacendum
385 2038 490 2112 suerit.
515 2043 631 2098 Crassus
654 2048 726 2096 eninr
750 2043 876 2115 loquitur,
902 2047 995 2098 Anto-
1045 2036 1091 2096 καὶ
1108 2036 1187 2116 ὄγκου
1201 2038 1328 2117 φροντίζει
1342 2036 1409 2103 τινὸς
1427 2036 1473 2094 καὶ
1492 2037 1640 2115 περιεργίας
1660 2035 1755 2105 ilices
1779 2039 1825 2096 καὶ

219 2133 297 2196 nius,
321 2127 436 2184 Catulus
459 2146 560 2195 senex,
586 2129 620 2184 C.
652 2129 745 2183 Julius
759 2124 859 2198 frater
883 2129 991 2197 Catuli,
1046 2135 1210 2205 μεταφορᾶς,
1229 2125 1275 2184 aul
1288 2125 1351 2204 πρὸς
1369 2124 1402 2184 tlt
1411 2128 1463 2184 τῶν
1475 2123 1603 2203 λεγόντων
1616 2124 1747 2205 πρόσοικα
1757 2147 1820 2205 αγις·

219 2215 307 2282 Cottn,
324 2216 473 2288 Sulpicius.
485 2219 576 2272 Puero
595 2216 789 2271 mehicsernro
805 2217 951 2288 inducitur,
965 2231 995 2272 nt
1045 2213 1148 2290 ματίζει
1165 2214 1195 2272 τὸ
1218 2204 1283 2280 εἶδος
1303 2216 1350 2285 τῆς
1368 2213 1473 2286 λε’ξιως,
1493 2212 1540 2272 καὶ
1564 2213 1657 2280 ἅπλῶς
1674 2213 1724 2273 ὅσα
1742 2214 1821 2294 λόγου

219 2303 308 2357 nullm
330 2320 389 2358 esse
400 2315 514 2375 possent
529 2320 601 2358 rneoe
615 2315 725 2376 partes.
748 2305 820 2374 (λιιι)
836 2317 929 2358 nutem
943 2304 994 2364 ¹ln's
1045 2292 1098 2360 οἶδε
1117 2300 1277 2370 καλλωπίζει
1301 2299 1349 2372 τὴν
1373 2299 1459 2374 Ιδέαν,
1478 2320 1544 2378 quae
1566 2315 1678 2373 tamen,
1705 2320 1821 2375 vereor,

219 2391 384 2464 temporibus
392 2386 807 2467 scripsi'hptorore'lnoe1110an
819 2390 944 2446 hohern:
964 2398 993 2446 in
1046 2410 1106 2448 non
1129 2390 1226 2449 minus
1249 2402 1357 2448 temere
1377 2389 1453 2448 dicta
1475 2403 1542 2449 sunt
1562 2409 1647 2467 quant
1669 2411 1735 2468 quae
1757 2411 1822 2450 cunr

219 2495 273 2548 quo
285 2495 376 2532 serino
387 2481 427 2531 ita
440 2477 579 2532 inducitur
590 2490 752 2550 ceterorum,
765 2489 795 2532 ut
805 2496 892 2552 penes
904 2485 992 2552 r'puune
1045 2478 1123 2553 apud
1139 2478 1324 2535 ammonium
1340 2477 1371 2535 in
1384 2477 1515 2553 Categot.
1531 2477 1551 2536 l.
1569 2485 1585 2544 d
1600 2491 1680 2536 recto
1697 2497 1706 2538 t
1723 2480 1822 2539 Διαλο-

218 2569 256 2618 sit
272 2570 458 2640 principatus.
488 2569 534 2620 lta
556 2563 664 2636 confeci
684 2571 806 2640 quinque
827 2563 911 2622 libros
933 2565 993 2644 περὶ
1044 2566 1106 2641 γικδι
1119 2565 1147 2625 δΙ
1158 2566 1208 2624 ὅσα
1221 2563 1258 2641 μὴ
1273 2563 1301 2633 ἐξ
1310 2566 1406 2624 οἰκείου
1416 2564 1557 2645 προσώπου
1571 2565 1742 2647 συνέγραψεν,
1756 2569 1815 2626 ἀλλ’

217 2653 309 2724 τελῶν,
319 2665 350 2707 ut
359 2652 503 2727 Epicurea
514 2655 546 2712 L.
561 2655 710 2728 Torquato,
719 2653 814 2709 Stoica
824 2655 867 2711 M.
880 2653 992 2724 Catoni,
1045 2651 1135 2732 ὥσπερ
1161 2652 1303 2712 δΙΙλιίτων
1326 2652 1526 2731 ὑποκρινόμενος
1552 2651 1646 2732 ίτίρων
1672 2652 1820 2732 πρόοιντο,

217 2735 464 2817 περιτατητικδΜ.
475 2741 689 2816 Pbonidorem.
702 2738 747 2797 Ad
759 2739 811 2808 hos
822 2759 991 2817 veroquam
1046 2753 1105 2798 tum
1125 2741 1202 2819 apud
1224 2740 1297 2800 alios
1320 2739 1489 2819 philosophi
1503 2741 1677 2819 interpretes
1699 2741 1736 2798 de
1756 2741 1820 2817 ejus

218 2828 319 2886 tertius
334 2827 444 2886 accedit
457 2829 553 2900 locus,
570 2828 600 2886 in
623 2849 681 2906 quo
704 2849 806 2888 rursus
821 2828 859 2887 de
882 2835 990 2888 Aristo·
1045 2827 1227 2904 dialogorum
1253 2827 1391 2887 laudibus
1417 2831 1565 2903 leguntur.
1588 2828 1673 2897 Quod
1703 2829 1729 2887 si
1754 2829 1821 2888 illos

217 2921 289 2974 teleo
303 2937 379 2973 more
393 2917 524 2995 loquitur
539 2915 660 2988 Cicero,
678 2916 714 2975 de
733 2920 855 2976 Oratore
869 2915 924 2989 lll,
941 2939 990 2990 αι,
1044 2916 1159 2976 silentio
1182 2915 1432 2995 praetermittimus
1452 2915 1549 2987 locos,
1564 2914 1720 2992 inquibus
1744 2917 1819 2975 illud

218 3005 255 3061 llo
272 3027 279 3063 ι
295 3008 346 3063 Sin
360 3008 463 3080 aliquis
482 3011 609 3062 extiterit
626 3008 796 3080 aliquando,
818 3011 867 3080 qur·
884 3012 991 3064 Aristo-
1045 3017 1156 3066 tautum
1168 3005 1255 3064 modo
1267 3007 1438 3081 affirmatur,
1449 3005 1481 3063 in
1490 3004 1614 3079 dialogis
1623 3003 1718 3068 multo,
1727 3007 1820 3080 magis

217 3097 288 3150 teleo
299 3114 375 3150 more
386 3100 416 3148 in
429 3107 574 3166 erransque
581 3105 692 3166 portem
701 3100 795 3168 possit
805 3096 903 3158 dicere,
922 3107 950 3150 et
962 3101 991 3150 r'n
1045 3097 1202 3172 perspicuo
1215 3113 1300 3152 usum
1321 3093 1410 3151 luisse
1428 3091 1543 3150 dicendi
1562 3109 1668 3165 genere
1684 3091 1820 3150 hristote·

215 3187 292 3236 ornni
303 3200 390 3235 causa
405 3182 477 3235 diens
493 3185 648 3235 contrarias
666 3187 816 3246 orationes,
839 3188 991 3256 praeceptis
1044 3179 1113 3251 lem,
1125 3178 1266 3238 asserendi
1279 3177 1328 3237 ltic
1345 3179 1503 3256 praesertim
1523 3190 1612 3235 eruut
1624 3176 1818 3250 Themistius,

218 3269 295 3321 illins
310 3271 445 3342 cognitis,
457 3268 603 3340 explicare
622 3279 672 3321 out
688 3267 740 3321 boc
754 3269 891 3322 Arresiloe
910 3271 991 3325 ιιιοιΙο
1044 3269 1096 3343 qui
1110 3268 1151 3326 ita
1163 3267 1195 3325 in
1214 3267 1295 3328 Orat.
1311 3264 1418 3336 xxvi,
1432 3285 1464 3341 p.
1479 3265 1549 3339 319,
1567 3264 1711 3324 llllard:
1733 3266 1820 3326 llalel

215 3367 243 3411 et
257 3355 411 3411 Carneadis
422 3365 518 3407 contra
528 3371 609 3407 oniae
619 3354 694 3426 quod
702 3358 919 3427 propositumsit
929 3355 990 3410 dis·
1045 3352 1094 3430 μίν
1120 3355 1284 3434 δημωφελεῖς
1306 3351 1436 3429 καὶπρὸς
1461 3351 1492 3409 τὸ
1515 3353 1614 3424 πλῆθος
1634 3353 1820 3429 ίακενααμίνοι

216 3455 311 3513 serum
333 3449 435 3518 quique
458 3443 500 3496 ad
517 3461 580 3498 eant
602 3439 739 3498 rationein
756 3445 895 3519 esrrlJ'ungat
917 3443 990 3499 bunc
1042 3440 1144 3520 (λόγοι,
1170 3440 1202 3500 id
1225 3437 1270 3499 est
1296 3439 1419 3519 dialogi)
1441 3439 1471 3497 οὗ
1493 3438 1648 3498 παντάπασι
1683 3441 1767 3521 ρωτίς
1789 3464 1818 3499 τε

214 3531 379 3586 rhetoricum
391 3550 468 3586 usum
486 3549 643 3604 moremque
653 3537 933 3606 exercitationemque
943 3533 988 3587 di·
1042 3529 1107 3588 ιῖαΙν
1128 3527 1251 3610 δνοίπλειρ
1267 3527 1313 3586 καὶ
1333 3529 1459 3604 διαυγεῖς·
1477 3525 1523 3584 καί
1541 3526 1571 3586 τὸ
1587 3525 1717 3607 ὦρίλιμον
1731 3529 1816 3587 αὐτῶν

215 3621 298 3674 cendi
303 3662 313 3692 ,
329 3623 353 3674 is
365 3624 419 3674 crit
427 3637 521 3688 uerus,
540 3623 564 3672 is
573 3616 725 3692 perfectus,
745 3624 768 3673 is
789 3621 862 3676 solus
874 3631 985 3688 orator;
1042 3615 1151 3696 ἇτερπίς
1162 3615 1208 3676 καὶ
1220 3614 1356 3688 ἀνήδονον,
1369 3617 1429 3674 ἀλλ’
1440 3609 1594 3690 ίπικίγοται
1606 3614 1759 3694 Ἀφροδίτη,
1772 3615 1818 3674 καί

215 3705 368 3776 trissant,
389 3705 448 3764 nisi
470 3704 566 3776 lallor,
594 3724 659 3781 quae
681 3705 832 3764 Aristoteli
853 3706 885 3764 in
912 3707 987 3765 scri·
1041 3704 1155 3782 Χοίριτες
1178 3708 1315 3765 amnena
1337 3706 1383 3760 τοῦ
1403 3702 1511 3783 Ιρολκδν
1534 3692 1613 3774 εἶναι,
1634 3713 1679 3774 et,
1707 3703 1758 3780 qui
1779 3722 1816 3761 ex

214 3791 318 3852 bendis
329 3792 454 3870 dialogis
467 3793 589 3872 propria
605 3793 694 3852 inisse
707 3791 892 3852 dicitCicero
907 3794 988 3870 :pri·
1043 3792 1100 3851 hoc
1125 3793 1172 3851 vel
1195 3791 1286 3852 simili
1312 3791 1432 3850 sortasse
1455 3790 1521 3848 loco
1543 3790 1679 3868 proiecit,
1705 3790 1813 3854 David.

215 3899 301 3950 ιιιιιιιι,
318 3880 383 3958 ejus
392 3881 523 3958 singulos
537 3881 692 3956 dialogose
703 3880 814 3940 duabus
826 3881 910 3959 quasi
920 3901 988 3959 par·
1040 3882 1072 3940 in
1090 3881 1187 3957 Categ.
1201 3901 1231 3959 p.
1248 3882 1298 3954 26,
1317 3880 1354 3953 B,
1368 3879 1423 3951 ³5,
1440 3877 1524 3956 cujus
1543 3876 1635 3937 verba
1647 3879 1761 3955 egregie
1778 3881 1818 3938 ita

214 3966 292 4027 tibus
313 3969 495 4042 constitisse,
510 3969 592 4027 etita
612 3969 728 4047 quidem
746 3982 778 4028 ut
791 3971 897 4047 cuique
908 3969 986 4028 libro
1039 3969 1205 4029 emendavit
1220 3969 1363 4045 bernays,
1378 3971 1426 4022 die
1439 3970 1563 4042 Dialoge
1576 3970 1626 4023 des
1639 3971 1811 4035 Aristotcles,

214 4057 436 4132 praemitteretur
452 4057 646 4135 prooemium
673 4058 777 4116 deinde
800 4057 897 4136 ipsum
921 4058 988 4118 Ari·
1041 4079 1070 4137 p.
1099 4060 1152 4131 137
1169 4075 1177 4116 ε
1196 4055 1244 4116 Ἐν
1266 4053 1314 4133 μίν
1337 4061 1391 4120 τοῖς
1410 4057 1567 4132 διαλογικοῑς
1587 4053 1640 4120 τοῖς
1659 4051 1817 4132 ἐξωτερικοῖς

213 4145 342 4204 stotelem
352 4145 384 4203 in
393 4144 510 4220 dialogo
521 4158 618 4223 partes
627 4146 720 4221 egisse
730 4169 738 4218 ;
750 4157 986 4224 postrentovero,
1040 4145 1125 4226 ααρής
1142 4141 1264 4225 [sweep
1277 4145 1313 4210 ὣς
1322 4141 1387 4220 πρὸς
1398 4140 1456 4210 τοὺς
1469 4139 1518 4209 ἔξω
1533 4139 1685 4221 ριλοοορίας
1698 4143 1816 4220 διαλιγό-

214 4233 374 4292 contrarias
387 4233 419 4291 in
434 4232 494 4291 illis
506 4233 662 4291 sententias
675 4231 821 4311 expositas
837 4233 926 4293 luisse
937 4254 986 4292 au·
1041 4256 1133 4312 μενος,
1146 4236 1182 4299 ὡς
1202 4229 1230 4288 tt
1251 4231 1279 4290 Ιν
1300 4231 1470 4295 διαλεκτικοῖς
1485 4228 1687 4306 (scribendum
1700 4231 1816 4291 videtur

214 4333 382 4399 ctoremque
394 4321 425 4379 in
440 4339 475 4378 eo
489 4339 506 4378 a
520 4320 653 4394 Platone,
668 4322 818 4381 Arcesilao
826 4323 988 4401 ceterisque
1040 4322 1215 4400 διαλογικοῖς)
1230 4317 1347 4385 ποικίλος
1364 4318 1421 4385 ταῖς
1441 4315 1598 4392 μιμήσεων,
1609 4316 1759 4399 Ἀφροδίτης
1773 4321 1814 4378 ἓν·

213 4407 368 4468 Socraticis
376 4408 526 4468 diversum
536 4409 633 4480 fuisse,
642 4421 685 4482 nt,
699 4409 771 4488 quid
783 4411 847 4488 ipse
856 4411 985 4484 sentiret,
1039 4408 1121 4486 νόμοι
1140 4405 1228 4486 γίμων
1241 4409 1313 4485 (pro
1333 4426 1368 4464 eo
1391 4404 1469 4483 quod
1491 4404 1600 4463 editum
1615 4418 1679 4467 est:
1693 4404 1814 4488 Ἀρροδί-

212 4494 449 4574 ostenderetlcl.
466 4497 527 4557 Cic.
545 4496 581 4555 de
603 4496 684 4555 Orat.
707 4495 762 4574 ΙΙΙ,
791 4498 839 4573 ιδ,
856 4495 924 4576 67).
1038 4520 1085 4571 erg
1105 4495 1189 4573 ὄνομα
1211 4493 1335 4571 τίμνων)
1365 4494 1410 4553 καὶ
1434 4491 1550 4572 χαρίτων
1576 4493 1731 4570 ἀνάμεστος.
1761 4495 1815 4555 llis

253 4580 296 4638 Ex
310 4582 355 4642 his
370 4584 441 4642 satis
455 4583 548 4661 liquet
563 4583 645 4642 nullo
660 4584 747 4643 modo
765 4582 885 4663 probari
900 4603 986 4662 posse
1039 4605 1112 4645 vero
1126 4598 1213 4663 etque
1231 4583 1353 4655 talibus,
1374 4581 1592 4640 luxuriantibus
1614 4586 1696 4659 qnasi
1719 4584 1814 4643 laudi-

213 4667 985 4751 allosionuperprolatamopinionemquametsisae-
1036 4674 1110 4746 bus,
1125 4677 1176 4731 vix
1204 4673 1330 4731 multum
1356 4669 1510 4747 jurantur,
1537 4681 1570 4727 ut
1593 4684 1699 4728 rectam
1726 4685 1813 4750 atque

214 4756 281 4834 pius
292 4757 416 4815 affirmet
429 4760 474 4836 (ci.
487 4779 517 4838 p.
529 4758 566 4816 25
575 4773 603 4818 et
611 4759 707 4840 alibi),
717 4761 801 4820 nullo
810 4773 904 4819 umen
916 4763 986 4820 satis
1038 4763 1180 4821 sinceram
1202 4759 1441 4819 Aristotelcorum
1456 4756 1640 4832 dialogorum
1655 4760 1811 4836 imaginent

214 4845 298 4903 lirmo
309 4845 763 4925 argumentoprobat:scilic-etin
773 4848 908 4924 dialogis,
920 4869 985 4926 qnae
1038 4849 1137 4906 animo
1161 4848 1363 4906 informemus.
1388 4845 1462 4904 Ecce
1491 4863 1561 4904 vero
1586 4866 1688 4906 rursm
1719 4850 1810 4908 multo

213 4933 360 4992 Aristoteli
371 4933 548 4999 tribuuntur,
557 4934 701 4994 Socratem
710 4936 805 5014 ipsum
818 4937 984 5014 loquentem
1038 4935 1260 5014 locupletiorem
1289 4948 1318 4993 et
1340 4932 1526 5010 integriorem
1550 4945 1648 4993 testem
1671 4937 1810 4997 habentus

213 5019 361 5079 inductum
386 5021 484 5082 luisse.
508 5022 575 5080 llaec
598 5023 676 5082 enim
699 5023 984 5101 sententiantium
1038 5023 1222 5096 Ciceronem,
1247 5022 1346 5100 cujus,
1377 5021 1446 5080 lieet
1470 5021 1647 5080 contrarium
1674 5025 1809 5084 nonnulli

214 5125 251 5166 εκ
266 5109 417 5168 immutata
434 5110 615 5188 dialogorum
637 5111 761 5180 ratione,
781 5131 840 5170 non
856 5111 982 5190 amplius
1038 5111 1183 5171 affirmare
1207 5109 1304 5168 conati
1329 5109 1403 5182 sint,
1430 5126 1620 5186 quaecumque
1640 5109 1677 5166 de
1698 5109 1810 5167 heisto-

210 5194 434 5271 Socraticorum,
451 5199 547 5258 ntinus
563 5197 725 5277 probabilis
742 5199 788 5271 lit,
803 5200 982 5278 planescer-
1040 5199 1106 5258 telis
1134 5197 1250 5258 dicendi
1280 5215 1386 5275 genere
1414 5197 1534 5268 attulit„
1549 5195 1585 5254 ad
1613 5197 1691 5256 solos
1718 5197 1810 5256 dialo-
