4017 5984
880 391 1044 454 DlALOGl.
1724 401 1759 458 ll

159 524 281 584 laertius
302 523 330 582 dl
343 527 394 582 τῶν
417 522 635 604 παραιρουμένων
649 525 679 582 οὐ
693 521 793 603 ομικρλ
813 529 860 596 τῆς
879 527 931 583 τῶν

158 611 309 692 μυστηρίων
322 610 496 690 caprinum

198 701 254 759 Vix
276 713 353 760 recte
367 699 459 758 verba
480 701 516 765 a<
529 700 709 780 ’λριστοτελης
737 700 932 780 expungenda

159 809 223 848 esse
238 789 352 848 censuit
373 788 574 862 Petarius,ita
589 799 620 845 ut
643 805 709 863 quae
720 798 882 862 sequuntur
892 787 929 846 de

157 878 275 938 &uate
290 875 461 954 accipienda
474 889 581 936 essent.
596 877 692 954 Supra
712 875 789 933 enim
815 873 931 934 dixerat

157 963 303 1039 Julianus,
318 985 349 1044 p.
366 966 424 1041 439
442 985 448 1022 :
471 962 521 1030 Τίς
534 961 586 1034 diri
601 962 758 1034 Πλάτωνος
774 962 892 1030 ποδαπὸς
905 961 932 1021 di

158 1045 189 1124 ip
200 1053 227 1110 br
245 1052 344 1119 τούτοις
354 1054 365 1128 i
372 1049 431 1130 rupi
441 1052 492 1108 τῶν
504 1053 570 1109 θοῶν
581 1049 698 1128 ὀνόματα
712 1048 788 1127 scil.)
812 1047 931 1127 Ἀριστο-

155 1139 248 1212 τέλης;
261 1129 304 1218 ip'
319 1141 366 1197 oba
380 1136 450 1207 ἄξιον
462 1135 526 1195 αὐτὸ
538 1137 615 1208 litim

195 1225 242 1284 dd
257 1226 406 1302 dialogum
419 1225 455 1285 de
469 1223 663 1304 Philosophia
678 1223 777 1301 potius
791 1221 870 1282 hunc
886 1223 929 1281 lo·

155 1333 222 1371 cum
238 1312 419 1372 referendum
433 1325 504 1390 puto
517 1331 603 1389 quarn
619 1311 655 1369 ad
667 1311 834 1389 epistolam,
853 1311 931 1390 quod

157 1401 246 1461 Rosio
267 1402 384 1481 placuit.

393 1561 441 1622 lV.
471 1561 695 1622 ΠΟΛΙΤΙΚΟΣ.

194 1724 237 1782 De
246 1724 301 1781 hoc
307 1723 424 1800 dialogo
435 1725 576 1784 Πολιτικοῦ
586 1721 610 1779 α’
622 1721 659 1799 β’,
668 1723 755 1800 Diog.
763 1724 798 1784 L.
812 1726 864 1798 (a),
875 1726 931 1784 llo·

153 1811 251 1877 λιτικὸς
265 1810 302 1882 α’,
318 1817 411 1870 anon.
425 1812 477 1888 (a),
492 1809 662 1888 accipienda
683 1810 822 1869 videntur
837 1830 932 1888 ‹1uaea

154 1901 300 1960 Cicerone
317 1900 474 1960 dictasunt
488 1898 525 1958 de
536 1899 658 1958 Finibus
667 1898 703 1971 V,
717 1907 746 1973 1.,
765 1921 775 1956 ι
786 1920 811 1971 1,
823 1899 854 1956 in
864 1919 933 1958 enu-

154 1989 318 2048 meratione
337 1987 482 2048 librorum
503 1987 670 2046 Aristotelis
692 1999 720 2046 et
736 1986 931 2066 Theophrasti

152 2078 188 2136 de
197 2096 229 2136 re
238 2075 356 2157 publica
369 2096 375 2132 :
388 2079 518 2132 Omnium
516 2073 585 2147 sere
596 2081 734 2132 civitatum
747 2095 802 2132 non
814 2078 932 2132 Graeciae

153 2168 415 2240 solennitatum
432 2165 591 2233 Barbariae,
612 2166 649 2219 ab
665 2166 814 2221 Aristotele
835 2183 931 2235 morer,

152 2261 289 2326 instituta,
308 2253 483 2328 disciplinas,
498 2272 518 2308 α
539 2251 732 2327 Theophrasto
756 2255 831 2326 leges
847 2258 930 2310 etiam

151 2344 331 2416 cognorimus
342 2339 393 2420 (cl.
410 2339 495 2414 Diog.
513 2337 609 2400 Laert.
623 2336 658 2410 V,
675 2347 710 2408 dl
729 2361 737 2398 ι
753 2338 848 2414 Νόμων
863 2339 930 2397 κατὰ

154 2439 283 2507 στοιχεῖον
298 2427 357 2504 κδ’).
374 2430 519 2502 Quumque
541 2439 655 2502 uterque
668 2447 760 2484 eorum
781 2427 928 2497 docuisset,

154 2522 266 2592 qualem
283 2524 314 2573 in
325 2537 355 2572 re
365 2519 482 2592 publica
488 2520 645 2591 principem
666 2510 746 2596 [esse]
763 2523 929 2586 coruunirct,

151 2607 280 2680 pluribus
288 2616 430 2681 praeterea
439 2608 655 2677 conscripsisset,
670 2609 719 2677 qui
729 2616 800 2658 esset
812 2609 931 2678 optinuu

155 2699 196 2748 rei
207 2696 329 2768 publicae
341 2705 438 2760 status,
453 2692 504 2748 hoc
514 2693 635 2766 amplius
651 2689 857 2764 Theophrastus·
866 2711 931 2764 qua·

152 2795 243 2838 essent
256 2788 285 2839 in
295 2780 452 2856 republica
467 2781 663 2835 inclinationes
674 2790 701 2833 et
710 2791 849 2834 momenta
863 2790 931 2833 tenr-

150 2889 249 2944 porum
267 2869 362 2947 (Diog.
382 2865 477 2926 Laert.
498 2870 531 2936 V,
551 2865 610 2932 hb:
634 2863 772 2930 Πολιτικὸς
791 2865 854 2942 πρὸς
872 2863 929 2928 τούς

153 2953 258 3034 καιρούς
273 2955 298 3014 α’
314 2955 338 3034 β’
350 2954 373 3032 γ’
389 2955 431 3032 δ’),
445 2956 542 3030 quibus
561 2967 632 3008 esset
651 2955 869 3021 moderandum,
888 2968 930 3010 ut·

152 3065 260 3120 cunque
279 3064 324 3100 res
335 3045 502 3118 postularet.
521 3039 651 3098 Eundem
676 3040 797 3098 sortasse
819 3039 926 3099 librum

154 3131 247 3206 tangit
261 3131 293 3190 in
308 3130 432 3209 epistola
453 3128 489 3187 ad
503 3128 643 3197 Quintum
664 3128 714 3204 lu,
736 3127 796 3198 lll,
819 3127 861 3185 5:
892 3134 931 3186 Hi

155 3220 221 3276 libri
237 3220 298 3295 (De
313 3225 418 3294 optimo
427 3231 501 3275 statu
516 3223 634 3274 ciuitatis
647 3219 723 3274 etde
735 3222 841 3291 optimo
854 3215 929 3296 ciue)

152 3327 236 3381 quum
269 3313 299 3363 ia
328 3309 484 3364 Truculano
513 3306 584 3362 mihi
615 3309 772 3378 legerentur
800 3305 931 3362 audiente

153 3401 300 3472 Sallustio,
329 3403 486 3456 admonitus
504 3419 563 3456 sum
584 3397 623 3455 ab
646 3403 694 3454 illo
712 3399 799 3454 multo
824 3403 931 3468 rnaJ'ore

154 3495 319 3544 auctoritate
335 3490 395 3545 illis
408 3490 444 3544 de
459 3487 541 3544 rebus
551 3490 609 3543 dici
616 3507 706 3563 posse,
726 3492 754 3562 si
765 3492 825 3560 ipse
837 3489 929 3562 loque-

153 3593 200 3629 rer
212 3578 248 3632 de
265 3577 419 3650 republica,
432 3581 590 3650 praesertim
610 3595 691 3649 quum
706 3593 792 3630 essem
803 3591 858 3629 non
872 3575 929 3629 He-

989 523 1084 584 l‘aris.
1099 537 1121 582 t.
1143 523 1197 600 lll,
1219 543 1251 602 p.
1268 523 1326 591 aab
1338 523 1466 600 legitur:
1481 521 1571 584 tritt
1586 522 1617 583 τὸ
1631 527 1765 586 πολιτικὸν

986 610 1138 690 γέγραπται
1153 613 1227 691 αὐτῷ
1238 611 1381 684 πολιτικός,
1400 612 1469 672 lieet
1481 612 1572 670 simili
1587 612 1675 671 modo
1687 615 1765 696 apud

986 699 1109 758 eundem
1118 699 1328 759 OEeonomieus
1339 699 1520 770 nominetur,
1535 701 1656 760 fortasse
1665 714 1693 762 et
1702 703 1766 781 ipse

986 791 1063 848 inter
1087 789 1220 866 dialogos
1244 789 1425 849 miscendus.
1448 788 1493 848 Cf.
1527 789 1621 847 David
1646 790 1764 868 Proleg.

987 899 1016 956 p.
1032 878 1086 949 οὔ,
1103 878 1137 950 D,
1157 899 1183 939 ι.

1055 1043 1090 1103 λ’.
1106 1045 1197 1105 ΠΕΡΙ
1214 1043 1436 1105 ΡΗΤΟΡΙΚΗΣ
1457 1046 1482 1104 ll
1504 1047 1526 1106 Γ
1528 1047 1691 1107 ΡΥΛΛΟΣ.

1027 1208 1144 1268 'l'itulus
1153 1209 1265 1289 dialogi
1280 1210 1358 1288 apud
1374 1210 1462 1286 Diog.
1481 1209 1515 1269 L.
1533 1208 1569 1284 ibi
1595 1210 1653 1290 aspi
1670 1208 1768 1283 Ῥητο-

987 1295 1092 1374 ρικῆςῆ
1109 1297 1224 1376 Γρύλλος
1236 1295 1273 1370 α’,
1287 1297 1365 1376 apud
1376 1298 1522 1374 Anonym.
1547 1296 1587 1373 (ὄλ
1602 1297 1670 1377 Πιρὶ
1685 1300 1765 1359 Πολι-

985 1382 1092 1454 τικῆςῆ
1108 1385 1224 1462 Γρύλλος
1233 1385 1268 1462 γ’,
1280 1385 1359 1464 quod
1375 1385 1440 1444 sine
1451 1385 1544 1444 dubio
1558 1406 1574 1444 e
1588 1387 1764 1462 procedenti

987 1472 1073 1530 titulo
1094 1471 1236 1533 Πολιτικὸν
1251 1473 1276 1530 α’
1292 1485 1464 1552 corruptum
1485 1486 1540 1534 est.
1562 1474 1620 1543 Qui
1645 1473 1764 1550 dialogo

987 1581 1093 1620 nomen
1103 1563 1195 1634 dedit,
1210 1563 1332 1640 Grylios
1344 1563 1396 1620 ille
1408 1554 1614 1640 Xenophontis
1623 1563 1701 1622 itlius
1709 1577 1763 1634 est,

985 1664 1018 1706 ut
1028 1671 1062 1707 ex
1071 1652 1165 1729 ipsius
1173 1651 1338 1710 Aristotelis
1348 1649 1461 1725 verbis,
1473 1669 1490 1708 e
1503 1651 1651 1727 proaemio
1665 1665 1697 1709 ut
1711 1652 1762 1709 vi-

986 1737 1071 1795 detur
1091 1739 1266 1815 desumptis,
1284 1737 1362 1816 apud
1377 1739 1536 1812 Diogenem
1552 1736 1702 1796 Laertium
1715 1742 1764 1812 (cf.

987 1824 1023 1883 ir.
1048 1827 1074 1900 ι)
1096 1838 1183 1903 patet.
1198 1825 1368 1884 Verisimile
1382 1826 1475 1900 igitur
1489 1825 1523 1882 lit
1538 1825 1687 1902 dialogum
1702 1847 1762 1884 non

987 1910 1028 1968 ita
1064 1913 1186 1970 multum
1216 1926 1283 1991 post
1316 1931 1446 1989 pugnam
1481 1912 1558 1989 apud
1588 1913 1764 1972 Mantineam

989 1999 1117 2078 (Dlymp.
1138 2009 1204 2073 rot,
1226 1999 1254 2080 3)
1270 2002 1469 2078 conscriptum
1498 2001 1602 2072 luisse,
1617 2021 1681 2078 quo
1700 2013 1768 2060 tent·

987 2107 1060 2166 pore
1071 2089 1188 2146 tertium
1203 2100 1233 2147 et
1244 2087 1419 2163 vigesimum
1433 2087 1526 2145 aetatis
1538 2106 1646 2146 annum
1664 2086 1767 2164 agebat

986 2175 1167 2236 Aristoteles.
1190 2175 1250 2235 Nec
1272 2175 1370 2236 minus
1393 2171 1450 2232 hoe
1476 2173 1598 2233 fortasse
1623 2175 1765 2253 suspicari

986 2261 1075 2335 licet,
1092 2275 1192 2320 oontra
1215 2260 1373 2319 lsocratem
1396 2260 1560 2339 disputasse
1579 2263 1610 2320 in
1631 2261 1688 2319 hoc
1708 2263 1768 2320 dia·

986 2351 1054 2426 logo
1069 2349 1263 2420 Aristotelem,
1275 2368 1364 2425 quum
1375 2362 1403 2406 et
1412 2348 1574 2406 lruncinter
1586 2348 1654 2406 illos
1665 2349 1765 2423 luisse,

985 2439 1036 2516 qui
1054 2435 1172 2512 ἐγκώμια
1189 2435 1288 2513 Grylli
1304 2435 1559 2514 conscripsissent,
1583 2435 1766 2514 llermippus

984 2525 1098 2597 doceat,
1111 2524 1190 2603 apud
1204 2525 1329 2600 Diogen.
1339 2523 1435 2584 Laert.
1453 2522 1494 2595 ll,
1511 2525 1560 2584 55.
1572 2524 1643 2584 lude
1655 2537 1683 2582 et
1692 2525 1768 2586 illud

985 2614 1175 2692 perspicitur,
1191 2613 1263 2670 satis
1279 2611 1464 2690 probabilem
1485 2610 1681 2688 conjecturam
1704 2633 1768 2672 esse

985 2701 1138 2778 Bernaysii
1154 2701 1176 2759 l.
1190 2701 1210 2761 Ι.
1233 2721 1263 2778 p.
1285 2702 1351 2772 157,
1374 2701 1410 2758 ad
1426 2701 1504 2759 hunc
1518 2699 1669 2776 dialogum
1695 2703 1767 2761 reie-

986 2789 1091 2859 rentis,
1108 2801 1214 2865 praeter
1230 2788 1408 2857 Quintiliani
1420 2788 1516 2845 locum
1532 2786 1626 2846 instit.
1642 2786 1698 2857 111,
1719 2789 1764 2859 13,

986 2875 1122 2952 Dionysii
1137 2876 1174 2934 de
1188 2877 1312 2936 Isocrat.
1328 2874 1426 2936 ludia.
1440 2896 1466 2933 c.
1480 2876 1510 2947 5,
1522 2895 1552 2952 ρ.
1573 2874 1630 2947 576
1644 2873 1763 2939 Reislr.;

985 2964 1022 3021 el.
1039 2964 1118 3023 inira
1138 2964 1297 3040 fragmenta
1317 2964 1387 3021 libri
1413 2963 1522 3041 Τεχνῶν
1545 2959 1693 3040 ΣυνιιγωγλΙ
1715 2963 1765 3018 in-

986 3065 1093 3129 scripti

1319 3213 1345 3251 ι.
1364 3192 1439 3270 [51)

1026 3362 1149 3437 Diogen.
1173 3357 1269 3420 Lacu.
1288 3359 1327 3430 ll,
1352 3358 1387 3414 55
1406 3379 1413 3413 ι
1431 3355 1507 3428 Φησὶ
1529 3355 1557 3413 δὲ
1579 3355 1762 3435 Ἀριστοτιλης

986 3449 1028 3508 ὅτι
1042 3446 1162 3526 ἐγκώμια
1174 3446 1220 3506 καὶ
1241 3444 1376 3526 ἐπιτάφιον
1389 3445 1507 3523 Γρύλλου
1520 3441 1608 3523 μυρίοι
1623 3441 1678 3503 boor
1693 3444 1764 3504 συνὲ·

984 3537 1101 3615 γροψον,
1122 3533 1153 3592 τὸ
1171 3533 1248 3614 μέρος
1261 3533 1307 3591 οιαὶ
1319 3537 1357 3612 τῷ
1367 3531 1449 3613 πατρὶ
1463 3531 1642 3612 χαριζόμενοι.

154 3663 277 3720 raclieles
287 3665 417 3718 Ponticus
427 3666 482 3719 sed
493 3664 657 3730 consularis,
669 3675 696 3718 et
707 3668 731 3717 is
741 3667 825 3736 quiin
840 3669 930 3718 maai·

156 3755 210 3804 rnis
228 3762 358 3804 versatus
373 3755 401 3803 in
416 3748 557 3823 republica
571 3749 651 3804 rebus
668 3768 765 3808 essem.
786 3749 857 3819 Quae
872 3729 951 3804 tanix

153 3843 277 3912 antiquis
291 3835 450 3892 hominibus
465 3834 613 3913 (Africani
627 3847 655 3891 et
674 3841 827 3891 amicorum
850 3835 930 3892 scili·
1027 3839 1150 3908 Quintil.
1173 3836 1281 3896 lnstitt.
1310 3836 1390 3894 Orat.
1422 3834 1514 3908 ll,17
1543 3858 1550 3894 ι
1579 3841 1763 3895 Tramearnus

153 3923 209 4000 cet)
217 3925 409 3994 attribuerem,
425 3944 460 3979 ea
472 3931 565 3980 uisum
578 3929 614 3979 iri
623 3924 697 3996 ficta
711 3941 803 3981 esse...
817 3926 931 3979 Aristo-
986 3935 1075 4003 igitur
1089 3930 1131 3983 ad
1139 3947 1203 3984 earn
1220 3931 1403 4001 quastionem
1419 3945 1484 4000 quoe
1497 3932 1630 4000 sequitur,
1646 3946 1684 3981 an
1694 3927 1763 3982 rhe-

154 4016 237 4068 telem
250 4015 372 4088 denique
385 4033 448 4088 quar
464 4015 500 4068 de
511 4015 654 4088 republica
663 4025 692 4068 et
699 4025 854 4087 prestante
867 4019 930 4070 viro
984 4024 1071 4075 rorice
1085 4037 1132 4072 ars
1145 4023 1194 4072 sit.
1204 4017 1289 4088 Quod
1298 4018 1440 4090 quidem...
1452 4034 1489 4070 ea
1498 4019 1531 4070 iis
1546 4035 1609 4090 quar
1619 4028 1764 4090 praecepta

156 4099 231 4176 (cive
252 4098 330 4178 conj.
345 4099 440 4175 Deru.)
455 4102 656 4176 scribatipsurn
670 4102 753 4174 loqui.
777 4102 929 4157 Contmorit
982 4109 1093 4163 dicendi
1112 4107 1287 4162 tradiderunt
1310 4123 1392 4160 nemo
1415 4105 1557 4159 dubitavit
1569 4142 1600 4162 ...
1624 4105 1677 4159 secl
1700 4123 1763 4159 curn

154 4207 199 4243 me
207 4201 235 4244 et
249 4209 282 4245 eo
296 4196 387 4263 magis
401 4192 477 4264 quod
487 4195 629 4245 maximos
640 4202 730 4244 neotus
749 4202 852 4246 noslroe
863 4193 928 4244 civi·
983 4195 1028 4250 his
1035 4192 1198 4269 philosophi
1208 4205 1236 4247 et
1244 4191 1330 4248 Stoici
1338 4195 1555 4266 etPeripatetiei
1560 4192 1688 4266 plerique
1697 4210 1763 4246 con-

154 4281 219 4331 tatis
232 4283 370 4350 attingere
381 4298 437 4334 nan
448 4290 586 4353 poteram,
600 4279 676 4352 quod
688 4291 769 4332 erant
783 4275 929 4348 inferiores
954 4285 957 4306 ¹
982 4288 1114 4338 sentiunt.
1138 4280 1155 4354 s
1171 4287 1199 4348 d.
1220 4279 1358 4352 Equidem
1373 4280 1438 4332 ilios
1454 4281 1502 4350 qui
1514 4288 1613 4332 contra
1635 4278 1763 4350 disputa·
1799 4291 1805 4301 ·

155 4383 239 4438 quam
254 4368 365 4422 illorum
382 4378 454 4422 oetas
466 4372 514 4441 qui
526 4366 717 4440 loquebantur.
868 4425 874 4437 ,
982 4380 1048 4424 nant
1057 4387 1112 4423 non
1123 4380 1182 4421 tarn
1194 4371 1310 4421 sensisse
1323 4365 1397 4439 quod
1402 4366 1526 4419 dicerent
1538 4382 1623 4438 quam
1634 4381 1764 4419 exercere

194 4449 266 4510 Vide
281 4465 376 4510 tamem
401 4472 437 4510 ne
461 4451 509 4511 hic
531 4453 631 4532 potius
655 4451 691 4510 de
707 4451 792 4512 libris
808 4452 867 4530 aspi
886 4456 929 4512 Δι-
983 4461 1101 4530 ingenia
1110 4458 1236 4510 materiae
1249 4449 1422 4526 difficultate
1435 4453 1518 4506 credo
1530 4453 1688 4508 vonisse...
1701 4451 1718 4526 §
1733 4450 1760 4508 b.

154 4539 390 4619 κοιοούνηςλοιμιί
416 4540 628 4600 existimandus
643 4541 681 4600 sit
700 4539 813 4598 Cicero.
836 4539 929 4616 Magis
984 4543 1107 4614 Quidam
1123 4541 1282 4596 naturalem
1305 4557 1366 4594 esse
1388 4537 1543 4595 rhetoricen
1562 4540 1672 4597 uolunt.
1694 4538 1711 4613 §
1734 4558 1761 4611 7.

153 4628 239 4686 etiam
251 4630 394 4687 incertum
413 4643 457 4687 est
469 4645 538 4688 num
555 4628 591 4686 ad
608 4628 685 4686 lrunc
701 4626 845 4703 dialogice
857 4630 929 4687 scri·
983 4630 1066 4685 Nihil
1073 4630 1149 4703 quod
1156 4647 1194 4684 ee
1207 4639 1269 4683 arte
1277 4627 1412 4702 fiatante
1427 4623 1654 4698 artemsuisse...
1672 4625 1689 4701 S
1713 4645 1759 4683 11.

153 4729 235 4793 ptum
249 4715 359 4774 librum
375 4715 556 4775 referendum
573 4717 621 4788 sit,
640 4715 718 4793 quod
735 4715 766 4773 in
779 4716 926 4793 Anonymi
982 4719 1048 4773 Non
1063 4736 1122 4772 esse
1135 4720 1204 4772 artis
1226 4718 1258 4771 id
1272 4719 1349 4790 quod
1366 4714 1459 4781 faciat
1485 4721 1533 4792 qui
1548 4736 1603 4772 non
1620 4717 1758 4783 didicerit,

153 4803 272 4880 Proleg.
289 4804 324 4863 ad
338 4803 548 4880 Porphyrium,
567 4805 644 4882 apud
660 4803 790 4864 Cramer.
817 4803 925 4864 hneed.
981 4805 1028 4860 die
1044 4809 1177 4862 nantem
1192 4802 1356 4860 dominere!
1368 4810 1416 4878 qui
1426 4800 1698 4878 nondidieerinr...§
1713 4808 1759 4869 rt..

1316 3711 1343 3751 a.
1361 3690 1434 3766 (52.)

292 4995 336 5042 DE
352 4994 527 5044 santonica
545 4997 616 5044 slva
636 4995 787 5044 GllYLLUS.
984 4995 1124 5044 innumeros
1137 4993 1261 5057 scripsisse
1266 5029 1276 5057 ,
1285 4993 1347 5058 patri
1359 4991 1455 5057 quidda
1467 4995 1559 5056 partem
1578 4989 1675 5040 laudum
1687 4990 1759 5054 grati·

526 5089 547 5133 1.
806 5111 814 5123 ·
984 5081 1090 5132 limatas

185 5167 265 5218 Refert
280 5169 418 5220 Aristoteles
431 5171 506 5234 Grylli
522 5169 630 5221 encomia
649 5173 720 5234 alqrre
732 5171 851 5235 epitaphia
869 5172 927 5221 tuuc
