4017 5984
229 400 289 460 itt

222 546 315 589 autern
337 530 461 586 omnibus
473 534 536 584 viro
549 547 656 604 parere
678 530 815 598 intendat,
836 548 889 585 nec
906 549 999 604 quem·

222 640 307 697 quam
323 620 440 673 civilium
449 618 575 684 audiens,
591 635 642 671 nec
651 618 759 691 aliquid
769 621 857 672 etiarn
868 619 907 673 de
918 638 995 693 nup-

222 718 266 767 tiis
276 728 385 765 suorum
397 708 497 763 volens
507 722 660 781 peragere,
669 707 722 761 sed
732 724 816 780 quum
834 718 942 782 tempus
951 705 1000 779 as·

222 795 307 859 tuerit
323 797 404 872 filios
417 794 531 869 filiasve
543 790 629 863 foras
651 794 764 849 vadere
781 805 833 849 aut
852 797 995 869 recipere,

223 899 290 941 tunc
310 896 405 939 autem
423 883 523 938 audiat
539 883 650 955 quidem
665 887 758 938 uirum
779 886 810 938 in
830 882 957 937 omnibus
969 895 999 938 et

220 993 312 1029 seeum
333 974 466 1028 deliberet
480 983 508 1026 ct
521 973 633 1026 obediat
644 976 732 1027 etiam
749 977 779 1027 in
795 990 829 1027 eo
846 973 923 1046 qmd
939 975 999 1046 ipse

218 1067 344 1137 precepit
359 1062 499 1116 arbitrans
512 1064 551 1114 sic
572 1064 648 1115 viros
668 1055 770 1139 (vito)
783 1072 864 1135 turpe
875 1078 935 1115 esse
945 1078 998 1114 eo·

221 1170 282 1206 rum
296 1168 348 1224 que
365 1154 439 1203 intus
453 1158 517 1202 sunt
532 1148 641 1221 aliquid
655 1165 750 1221 agere,
762 1152 834 1203 sicut
842 1149 951 1203 mulieri
962 1166 999 1203 ea

221 1259 273 1314 que
291 1236 368 1308 soris
394 1248 459 1292 sunt
476 1241 648 1311 perquirere.
673 1238 733 1292 Sed
751 1236 893 1291 arbitrari
918 1237 1000 1290 decet

221 1347 289 1383 uere
310 1329 489 1401 compositam
517 1326 661 1379 mulierem
681 1342 773 1379 mores
789 1327 846 1379 viri
866 1328 926 1379 uite
948 1341 998 1379 sue

223 1418 298 1490 leges
317 1418 432 1491 imponi,
457 1402 510 1468 sibi
531 1414 603 1467 adeo
626 1430 688 1467 cum
711 1416 817 1486 nuptiis
833 1422 862 1467 et
873 1407 998 1481 fortuna

221 1507 390 1575 conjunctas,
406 1518 473 1576 quas
478 1501 589 1575 quidem
606 1503 633 1554 si
639 1502 782 1574 patienter
788 1496 873 1570 serat
888 1495 994 1575 (facile,

222 1602 303 1665 reget
314 1586 461 1665 domum),
472 1593 498 1643 si
509 1601 602 1643 autem
617 1606 673 1642 nou
680 1585 814 1662 difficile.

261 1681 381 1756 Propter
397 1695 451 1753 qut·
475 1677 554 1731 decet
576 1694 632 1731 non
650 1676 739 1733 solum
760 1695 845 1749 quum
864 1678 999 1747 contingit

221 1772 313 1822 virum
324 1767 485 1841 opulentum
495 1783 554 1820 esse
567 1764 651 1819 rebus
670 1776 698 1819 et
716 1764 777 1817 alia
784 1765 878 1836 gloria
891 1774 919 1817 et
930 1779 997 1836 pru·

221 1858 318 1911 dentia
331 1854 416 1909 simul
431 1855 588 1925 intelligere
607 1872 641 1907 ae
657 1872 738 1907 suam
752 1854 927 1907 voluntatem
939 1868 997 1905 ser·

222 1948 286 2010 vire,
305 1961 404 1998 oerum
418 1946 503 1997 etiam
514 1947 542 1995 in
557 1940 775 2011 adversitatibus,
791 1943 843 1995 etsi
856 1935 997 2010 desectum

216 2036 343 2105 patietur
355 2050 457 2098 rerum,
476 2041 526 2085 aut
547 2030 589 2084 ad
605 2030 788 2101 egritudinem
806 2030 930 2102 corporis
948 2036 999 2079 aut

221 2122 410 2189 ignorantiam
424 2123 518 2173 anime
529 2119 607 2171 dicat
627 2118 740 2189 quidem
752 2133 862 2190 semper
878 2118 995 2189 optima.

223 2205 387 2279 Obsequitur
412 2217 506 2260 autem
534 2206 661 2259 decentia
687 2214 795 2276 prmer
824 2204 901 2275 quod
926 2214 997 2276 agat

221 2293 332 2366 aliquid
338 2305 418 2367 turpe
432 2305 481 2348 aut
492 2292 636 2366 indignum
649 2308 658 2345 s
671 2290 725 2345 sibi
732 2302 827 2345 autem
841 2293 895 2365 ipsi
906 2309 998 2348 recor·

220 2384 302 2436 detur
313 2383 405 2455 siquid
415 2386 463 2435 oir
480 2384 574 2443 anime
587 2382 721 2453 passione
737 2379 781 2433 ad
800 2383 889 2453 ι’μαηι
906 2380 999 2435 delin-

223 2481 292 2544 quat
310 2487 320 2523 .·
338 2487 390 2524 nec
408 2470 445 2524 de
458 2470 553 2543 aliquo
570 2478 754 2542 conqueratur
778 2472 858 2541 quasi
875 2468 925 2523 ille
946 2469 999 2524 boc

218 2562 364 2632 peregerit,
380 2558 432 2613 sed
440 2556 491 2611 bec
510 2560 604 2610 omnia
616 2556 780 2628 egritudinis
794 2566 824 2610 et
840 2560 999 2628 ignorantie

218 2661 326 2718 ponere
347 2658 375 2700 et
397 2646 581 2699 accidentium
599 2643 772 2699 delictorum.
789 2645 902 2716 Quanto
924 2650 998 2701 enim

770 397 1014 459 uulswtsstts
1036 398 1282 461 FRAGMENTA.

1052 536 1126 587 enim
1146 528 1240 603 facile
1260 535 1466 608 participantes
1493 535 1627 599 invenire,
1657 534 1831 595 aduersitatis

1054 633 1147 675 autem
1161 620 1260 673 nabunt
1270 623 1475 675 communicare
1486 635 1542 671 aon
1550 624 1653 693 optime
1666 622 1827 693 mulierum·

1051 720 1168 783 propter
1179 726 1234 782 que
1246 712 1351 778 ¹omnia
1368 708 1450 763 decet
1469 708 1558 765 multa
1583 713 1672 783 magis
1692 709 1830 770 bonorare

1052 802 1129 853 viros
1145 800 1210 852 etin
1220 796 1390 852 verecundia
1401 814 1457 851 non
1468 794 1592 867 babere,
1603 799 1655 853 etsi
1668 814 1723 851 non
1736 817 1831 856 consc-

1052 896 1177 958 quantur
1190 886 1339 939 secundum
1356 883 1498 958 Orpbeum
1518 888 1617 939 mentis
1628 886 1735 941 sanitas
1747 902 1831 939 sacra

1053 985 1080 1028 et
1096 975 1189 1029 divitie
1205 976 1388 1029 animositatis
1395 972 1478 1046 filius
1492 968 1533 1049 (si
1545 989 1628 1030 sacru
1645 969 1794 1051 pudicicia
1802 984 1831 1029 et

1054 1077 1125 1137 opes
1157 1058 1352 1125 animositatis
1385 1058 1465 1116 lilius
1489 1057 1649 1117 secundum
1675 1057 1829 1119 Herculem

1054 1166 1114 1207 non
1125 1160 1286 1225 sequuntur
1294 1144 1313 1226 ).
1331 1150 1477 1204 Mulierem
1491 1149 1600 1223 quidem
1614 1154 1699 1223 igitur
1713 1154 1742 1206 in
1759 1168 1830 1225 quo·

1051 1238 1119 1291 dam
1143 1240 1196 1292 tali
1217 1249 1284 1311 typo
1305 1238 1397 1313 legum
1421 1249 1449 1292 et
1473 1256 1579 1292 morum
1594 1250 1703 1313 oportet
1721 1258 1753 1295 se
1766 1260 1828 1295 cus·

1052 1326 1149 1381 todire.
1475 1312 1481 1327 ⁸

1092 1414 1145 1466 Vir
1165 1424 1259 1467 autem
1281 1414 1355 1487 leges
1375 1430 1395 1466 a
1415 1412 1548 1467 similibus
1567 1414 1728 1469 adinveniat
1749 1420 1830 1470 uxori

1053 1496 1190 1579 (uxoris)
1207 1502 1236 1554 in
1251 1518 1311 1568 usu,
1331 1504 1463 1575 quoniam
1483 1512 1619 1577 tanquam
1633 1506 1709 1556 socia
1727 1508 1787 1558 vite
1801 1515 1831 1558 et

1046 1588 1177 1662 filiorum
1185 1592 1254 1644 sicut
1265 1588 1302 1643 ab
1307 1592 1491 1645 externeitate
1495 1590 1659 1664 deprecator
1666 1590 1708 1643 acl
1717 1591 1829 1645 domum

1052 1678 1110 1731 viri
1120 1680 1245 1731 convenit
1263 1672 1422 1753 (quoniam
1438 1687 1585 1751 tamquam
1600 1673 1679 1733 socia
1700 1670 1829 1733 liliorum

1052 1772 1082 1820 et
1096 1761 1156 1821 uite
1168 1761 1205 1820 ul
1216 1762 1336 1823 domum
1347 1761 1408 1821 viri
1426 1762 1570 1839 devenit),
1583 1766 1740 1839 relinquens
1748 1764 1830 1839 filios

1051 1856 1206 1929 genitorum
1231 1856 1288 1906 viri
1309 1864 1337 1907 et
1358 1858 1403 1906 sui
1423 1860 1537 1907 nomina
1560 1852 1713 1921 babituros,
1731 1852 1829 1927 quibus

1052 1938 1122 2012 quid
1127 1942 1249 1993 sanetius
1249 1940 1348 2012 fieret,
1360 1951 1414 2012 ¹aiut
1428 1944 1503 1994 cirea
1515 1940 1583 2015 quid
1595 1943 1685 2015 magis
1697 1944 1743 1995 vir
1761 1956 1829 1995 sane

1053 2029 1153 2081 mentis
1170 2025 1291 2081 studebit
1309 2044 1394 2100 quam
1409 2044 1446 2081 es:
1459 2030 1565 2101 optima
1587 2038 1615 2080 et
1629 2030 1830 2101 preciosissima

1052 2115 1166 2169 muliere
1175 2114 1256 2187 filios
1264 2132 1427 2189 procreare.
1440 2115 1593 2171 Senectutis
1601 2126 1733 2188 pastores
1750 2120 1832 2190 quasi

1051 2196 1168 2275 optimos
1176 2211 1205 2256 et
1210 2202 1441 2277 prudentissimos
1446 2205 1537 2276 patris
1548 2212 1577 2255 et
1595 2206 1693 2257 matris
1705 2205 1831 2260 custodes

1052 2302 1080 2345 et
1102 2292 1184 2345 totius
1207 2292 1305 2346 domus
1324 2302 1546 2357 conservatores,·
1568 2280 1700 2364 quoniam
1720 2293 1832 2347 educati

1051 2379 1162 2454 quidem
1178 2390 1251 2434 reete
1270 2398 1290 2433 a
1296 2390 1383 2453 patre
1401 2391 1429 2433 et
1449 2388 1539 2433 matre
1548 2388 1645 2433 sancte
1657 2389 1686 2433 et
1702 2384 1772 2433 iuste
1790 2384 1830 2435 cis

1052 2467 1189 2523 utentibus
1205 2470 1285 2541 quusi
1301 2472 1398 2523 merito
1413 2468 1477 2522 boni
1486 2468 1564 2540 fient
1577 2485 1588 2520 :
1600 2465 1653 2521 boc
1665 2478 1829 2524 autemnon

1052 2556 1205 2612 obtinentes
1208 2561 1358 2631 patientur
1367 2552 1518 2626 desectum.
1530 2556 1593 2609 Vite
1609 2560 1683 2609 enim
1691 2545 1829 2631 'eaerrmlu

1047 2645 1121 2720 filiis
1139 2648 1192 2699 nisi
1202 2649 1415 2719 preparaverint
1434 2647 1572 2716 genitores
1584 2644 1775 2699 excusabilem
1801 2658 1829 2700 et

220 2736 282 2805 quis
304 2736 333 2785 in
346 2731 390 2786 bis
410 2733 572 2807 dlligentius
584 2732 759 2807 obsequatur,
774 2743 853 2788 tanto
866 2736 999 2790 maiorem
1046 2754 1153 2809 puram
1162 2751 1276 2791 causam
1288 2734 1328 2791 ad
1340 2736 1453 2787 invicem
1468 2732 1572 2787 babere
1575 2743 1730 2807 poterunt:
1750 2737 1831 2789 tirrror

220 2824 346 2891 gratiam
358 2816 473 2876 babebit
493 2824 540 2893 qui
558 2831 670 2875 curatus
686 2822 777 2874 extitit
795 2837 858 2873 cum
873 2819 912 2874 ab
925 2824 999 2895 egri·

223 2909 320 2963 tudine
326 2905 419 2979 fuerit
440 2900 583 2967 liberatus.
595 2908 632 2963 Et
647 2912 672 2963 si
691 2910 761 2983 quid
769 2912 796 2962 ei
807 2926 863 2962 non
873 2913 1001 2982 paruerit

222 2998 326 3051 iubenti
348 3015 443 3052 eorum
450 3001 505 3070 -qui
518 3016 574 3052 non
599 2998 668 3051 bene
683 2995 787 3051 babent
800 2997 899 3051 mulier
911 2996 957 3071 (et
974 3000 1000 3056 si

221 3082 294 3159 quid
314 3084 343 3140 ei
367 3080 480 3139 iubenti
495 3101 555 3140 non
575 3080 651 3139 bene
670 3079 845 3138 habendum
867 3099 927 3139 non
947 3103 998 3162 pu·

222 3167 431 3226 rueritmulier
441 3170 463 3243 ),
484 3171 571 3223 multo
585 3173 677 3241 nsagis
689 3173 788 3223 sentiet
808 3170 857 3223 ille
870 3184 995 3242 sanatus,

218 3268 335 3331 propter
353 3257 430 3329 quod
445 3273 515 3329 opus
531 3254 690 3326 bm‘usrnodi
703 3259 808 3323 timere,
830 3260 860 3309 in
874 3257 939 3312 aliis
950 3278 998 3314 au·

222 3355 277 3399 tem
300 3344 387 3399 multo
406 3342 566 3415 diligentius
578 3342 689 3415 obsequi
702 3360 786 3415 quam
799 3346 824 3395 si
843 3356 939 3418 empta
951 3365 999 3401 vc·

222 3436 305 3485 uisset
316 3431 358 3485 ad
369 3431 496 3496 domum,
518 3447 585 3483 nam
598 3433 716 3484 maximi
733 3434 822 3503 precii
835 3442 931 3506 empta
945 3446 996 3489 est.

221 3517 365 3574 Societatts
379 3529 501 3590 namque
513 3521 571 3572 vite
584 3528 613 3571 et
628 3518 720 3592 prolis
736 3521 924 3589 generationis
939 3526 1000 3595 qui·

223 3607 273 3661 bus
282 3605 355 3661 nibil
365 3609 454 3660 maius
467 3623 518 3659 nec
530 3609 650 3659 sanctius
660 3604 707 3676 fit.
723 3604 823 3659 Adbuc
836 3608 947 3684 insuper
961 3613 1000 3662 si·-

222 3697 332 3769 quidem
349 3713 411 3749 cum
422 3689 509 3765 selici
524 3696 586 3749 viro
599 3698 714 3748 vixisset
728 3711 782 3748 non
800 3712 907 3769 quoque
921 3700 999 3751 simi·

224 3784 287 3837 liter
288 3779 393 3852 fuisset
417 3786 495 3836 mani
508 3794 579 3838 esta.
603 3780 639 3835 Et
659 3783 769 3855 quidem
785 3800 841 3836 non
862 3784 998 3840 modicum

222 3881 263 3925 est
277 3875 306 3925 in
326 3874 513 3944 prosperitate
525 3873 565 3924 uti
578 3870 647 3924 bene
665 3882 694 3924 et
709 3888 764 3925 non
777 3868 927 3939 bumiliter,
947 3893 998 3928 vc·

222 3977 284 4013 rum
293 3971 388 4013 tamen
397 3959 594 4013 adversitatem
602 3953 725 4029 sufferre
734 3959 803 4015 bene
812 3959 898 4014 mutto
908 3965 1000 4033 magis

223 4052 319 4101 merito
329 4046 505 4103 bonoraturn.
519 4049 596 4103 Nam
609 4049 638 4100 in
649 4043 788 4103 doloribus
800 4060 829 4102 et
847 4050 955 4121 injuriis
970 4064 997 4105 et

223 4136 443 4191 tribulationibus
467 4141 630 4191 existentem
661 4138 705 4191 nil
724 4149 805 4213 turpe
827 4143 998 4195 committere

225 4228 322 4299 magui
334 4227 423 4279 animi
430 4236 482 4281 est.
494 4225 584 4279 Orare
596 4225 705 4298 quidem
720 4230 804 4297 igitur
815 4226 895 4280 decet
905 4228 935 4279 in
945 4226 998 4280 ad-

224 4315 350 4365 versitate
365 4308 604 4387 (adversitatem)
617 4315 709 4367 virum
724 4331 784 4367 uon
795 4317 961 4387 pervenire,
974 4318 999 4368 si

223 4410 317 4453 autem
341 4400 411 4473 quid
430 4402 533 4453 sinistri
553 4402 698 4473 contigerit
717 4401 850 4455 arbitrari
870 4401 924 4456 sibi
946 4401 999 4456 boe

224 4493 380 4545 maximam
395 4490 506 4545 lastdem
520 4508 578 4545 esse
590 4489 704 4546 boneste
723 4492 854 4559 mulieris,
869 4494 998 4567 cogitan-

225 4588 279 4632 tem
293 4578 369 4651 quod
376 4595 427 4631 nec
438 4579 575 4635 Alcestem
592 4576 736 4657 (Alceste)
748 4590 857 4633 tantam
869 4580 923 4634 sibi
935 4580 998 4655 glo-

223 4670 295 4720 riam
317 4670 501 4739 quoesivisset,
527 4686 577 4722 nec
611 4668 752 4743 Penolope
779 4678 819 4722 tot
845 4678 873 4723 et
903 4680 998 4723 tantas

224 4754 324 4809 laudes
337 4759 478 4809 meruisset
495 4760 520 4809 si
531 4759 668 4811 visissent
680 4774 742 4810 cum
756 4752 891 4828 filicibus
902 4760 996 4815 viris:

152 4890 161 4897 .
223 4859 274 4897 uec
288 4860 358 4897 vcro
377 4848 468 4900 amitti
480 4856 507 4899 et
521 4844 614 4901 Ulixis
626 4845 779 4898 adversitas
792 4840 885 4917 (nunc
900 4854 995 4901 autem

225 4928 349 5004 sumiti,
364 4928 386 4988 i.
396 4950 423 4990 e.
434 4929 550 4989 Admeti
567 4942 596 4988 et
609 4927 705 4989 Ulixis
718 4928 921 5009 adversitates)
932 4950 996 5007 pre·

221 5034 391 5093 paravenmt
400 5024 440 5076 eis
453 5025 614 5076 memoriam
626 5019 820 5090 immortalem,
826 5015 911 5089 facte
922 5024 995 5075 enim

223 5112 253 5160 in
266 5110 347 5164 malis
354 5109 453 5175 fideles
466 5119 494 5163 et
504 5109 583 5179 juste
604 5109 673 5161 viris
685 5105 820 5163 bonorate
833 5110 926 5161 necin
939 5125 995 5163 me·

223 5202 274 5250 n'to
283 5194 440 5269 (immerito
451 5194 460 5275 J
472 5207 537 5253 sunt
548 5215 569 5252 a
589 5197 656 5266 diis,
679 5199 873 5271 prosperitatis
884 5196 995 5271 quidem

1053 2840 1089 2877 ne
1097 2826 1247 2899 contempti
1255 2841 1273 2875 a
1280 2822 1353 2897 filiis
1362 2840 1445 2895 qustum
1455 2838 1511 2875 non
1525 2820 1594 2877 bene
1607 2822 1778 2877 viverentad
1788 2826 1829 2876 in·

1053 2915 1163 2966 terittmt
1188 2915 1227 2965 eis
1249 2922 1337 2969 crunt.
1362 2911 1481 2985 Propter
1499 2926 1552 2983 que
1574 2913 1648 2963 euim
1670 2909 1743 2965 nibil
1762 2926 1831 2984 opus

1052 3004 1178 3055 orrtittere
1190 3011 1334 3055 curantem
1346 3000 1389 3053 ad
1396 3000 1552 3053 doctrinam
1566 3000 1660 3051 uxoris
1670 3001 1789 3071 seipsum
1800 3010 1831 3052 ut

1052 3091 1134 3143 iuxta
1142 3106 1224 3163 posse
1244 3092 1326 3161 quasi
1347 3106 1385 3143 ex
1405 3090 1515 3161 optimis
1534 3086 1632 3140 liberos
1649 3086 1749 3141 ualeat
1762 3084 1829 3159 (vt-

1053 3170 1150 3251 leant)
1166 3193 1324 3249 procreare.
1349 3174 1458 3228 Etenim
1480 3174 1606 3246 agricola
1632 3170 1706 3226 nibil
1730 3176 1829 3227 omittit

1052 3262 1188 3317 studendo
1206 3274 1236 3315 ut
1256 3262 1298 3315 ad
1309 3264 1442 3337 optimam
1457 3272 1560 3315 terram
1576 3272 1604 3313 et
1619 3262 1743 3313 maxime
1759 3258 1829 3315 bene

1052 3348 1157 3403 cultam
1181 3366 1276 3403 semen
1300 3367 1461 3405 consumere
1476 3342 1654 3425 (dispenset)
1676 3358 1830 3422 expectans

1050 3432 1287 3506 siesibifiuctum
1299 3440 1433 3513 optimum
1437 3438 1517 3510 fieri.
1535 3438 1570 3491 Et
1583 3437 1664 3511 eligit
1674 3454 1728 3510 pro
1746 3455 1783 3492 ea
1799 3452 1830 3493 ut

1053 3543 1109 3579 nou
1125 3537 1233 3580 secetur
1237 3526 1396 3601 pugnando
1416 3544 1478 3580 curn
1496 3524 1617 3580 bostibus
1634 3538 1663 3579 ct
1681 3529 1722 3579 sic
1742 3530 1829 3581 couti·

1052 3618 1124 3689 gerit
1145 3616 1216 3668 mori
1232 3625 1260 3668 et
1279 3614 1436 3669 huiusmodi
1450 3630 1522 3668 mors
1533 3616 1658 3667 manime
1668 3613 1828 3676 hortatatur.

1056 3698 1114 3759 Ubi
1120 3714 1214 3757 autem
1228 3713 1309 3757 tauta
1318 3706 1354 3758 sit
1365 3714 1432 3758 curn
1431 3720 1488 3779 pro
1498 3707 1621 3777 eorporis
1629 3706 1795 3758 nutrimento
1803 3717 1831 3759 ct

1054 3790 1140 3846 rstitlto
1152 3794 1244 3869 magis
1248 3809 1305 3865 pro
1307 3790 1385 3866 filiis
1395 3802 1423 3849 et
1438 3801 1527 3846 runtre
1539 3802 1568 3845 et
1579 3796 1688 3845 nutrice
1698 3793 1829 3866 adquam

1053 3883 1150 3933 anime
1159 3884 1435 3934 semeri'consumitur·
1450 3896 1532 3933 omne
1543 3879 1666 3933 studium
1675 3874 1830 3949 estfacien-

1051 3970 1129 4036 durii,
1143 3967 1195 4022 boc
1205 3972 1280 4023 enim
1290 3968 1350 4022 solo
1364 3969 1483 4022 mortale
1496 3984 1577 4020 orune
1591 3982 1702 4039 semper
1712 3961 1828 4035 factum

1052 4056 1261 4109 immortalitate
1265 4058 1433 4131 participat,
1445 4068 1472 4109 et
1484 4070 1578 4109 omnes
1588 4057 1728 4107 orationes
1740 4064 1767 4105 et
1774 4069 1827 4125 pe·

1053 4148 1166 4199 titiones
1183 4145 1275 4197 divine
1290 4156 1461 4217 permanent
1470 4155 1664 4217 paternorum.
1685 4138 1768 4197 Unde
1780 4146 1828 4213 qni

1053 4229 1105 4285 boc
1128 4234 1297 4305 contempnit
1316 4230 1384 4285 deos
1405 4232 1516 4286 videtur
1535 4228 1697 4304 negligere5
1710 4238 1828 4301 propter

1051 4318 1118 4373 deos
1139 4322 1235 4394 itaque
1254 4330 1357 4373 coram
1372 4318 1470 4393 quibus
1497 4334 1580 4371 sacra
1605 4316 1738 4369 mactavit
1760 4312 1770 4388 (
1781 4310 1826 4391 et)

1052 4424 1167 4463 ueorem
1191 4410 1273 4463 ausis
1292 4420 1320 4463 ct
1345 4407 1431 4463 multo
1452 4409 1592 4477 mugisse
1610 4414 1676 4477 post
1692 4413 1828 4477 parentes

1052 4498 1135 4549 uaori
1153 4496 1273 4551 tradidit
1286 4496 1327 4549 ad
1348 4494 1490 4551 bonorem.
1515 4492 1663 4547 Maximus
1679 4500 1773 4545 autem
1786 4502 1828 4544 est

1051 4583 1139 4639 bonor
1162 4582 1276 4639 boneste
1292 4584 1401 4638 mulieri
1429 4585 1455 4637 si
1476 4582 1585 4657 respicit
1605 4582 1697 4635 uirum
1720 4588 1827 4632 castum

1050 4689 1110 4728 esse
1125 4676 1155 4727 iu
1173 4690 1237 4727 eam
1251 4684 1279 4727 et
1298 4672 1335 4725 de
1351 4670 1432 4725 nulla
1449 4669 1512 4723 alia
1532 4668 1647 4723 muliere
1659 4677 1822 4721 curantem:

1049 4760 1102 4815 sed
1115 4775 1170 4833 pre
1183 4762 1281 4815 ceteris
1294 4759 1358 4813 aliis
1363 4759 1512 4832 propriam
1529 4768 1558 4811 et
1575 4759 1696 4809 amicam
1707 4764 1735 4808 et
1749 4752 1827 4827 fide·

1052 4849 1106 4903 lem
1113 4858 1194 4922 putet
1201 4864 1260 4902 esse
1266 4864 1278 4915 ,·
1289 4856 1367 4901 tanto
1378 4862 1447 4899 vero
1460 4846 1553 4918 magis
1567 4842 1686 4897 studebit
1695 4856 1727 4895 se
1739 4840 1826 4895 talem

1050 4954 1110 4993 esse
1123 4939 1198 4991 circa
1215 4952 1278 4991 cum
1292 4950 1365 4987 uuor
1375 4934 1400 4995 si
1409 4934 1563 5006 cognoverit
1572 4929 1703 5004 fideliter
1714 4939 1742 4982 et
1756 4931 1827 4981 iuste

1050 5023 1203 5081 amabilem
1223 5027 1316 5079 uirum
1329 5038 1399 5093 erga
1419 5037 1450 5075 se
1469 5036 1529 5074 esse
1549 5030 1583 5074 ut
1598 5023 1661 5093 ipsa
1680 5028 1721 5073 est
1741 5035 1752 5070 .·
1775 5032 1827 5071 nec
1873 5058 1875 5061 .

1047 5123 1197 5186 parentum
1220 5114 1268 5185 qui
1281 5114 1325 5164 sui
1345 5108 1463 5164 bonores
1485 5118 1549 5162 sunt
1568 5125 1620 5163 nec
1639 5110 1688 5180 qui
1702 5108 1785 5161 uaori
1799 5114 1828 5159 ct

1050 5198 1172 5264 tiliorum
1190 5198 1301 5272 proprii
1318 5208 1349 5251 et
1372 5196 1504 5251 decentes
1526 5206 1555 5249 et
1578 5194 1703 5250 tribuens
1722 5191 1827 5268 singuli
