4017 5984
802 441 1059 505 RESPUBLICAE.
1320 513 1325 522 ,
1690 449 1750 510 tte

24 573 26 586 '
137 581 273 654 musicis,
297 579 422 641 scenicis
439 579 591 649 vicerant,
608 577 644 636 in
660 575 823 638 enodandis
842 595 913 656 pro-
974 575 1023 648 τὴς
1046 577 1075 635 ἐν
1093 576 1149 644 τοῖς
1168 575 1238 636 κατὰ
1263 574 1474 658 Ἀριοιοτιλοιις,
1500 576 1618 658 τέσσαρα
1645 579 1669 638 δ’
1695 580 1751 639 lesi

135 667 249 730 rerbiis
262 668 389 750 aliisque
403 665 609 746 hujuscemodi
625 663 837 744 questionibus
850 684 915 724 rer·
970 667 1069 740 sehse,
1081 663 1193 744 ἔπιτιμᾳ
1203 664 1243 741 τῷ
1257 662 1402 743 ριλοοόρῳ,
1417 663 1454 730 ὣς
1466 665 1497 724 οὐ
1511 664 1652 737 ποιήσαντι
1669 667 1750 748 λόγου

137 771 281 831 sarentnr,
296 755 445 816 communi
472 755 599 833 quodam
622 753 759 825 nomine,
784 753 916 814 historici
970 749 1231 831 ὅξοοντὸπαροομίας
1241 753 1375 831 ἀθροῖσαι,
1384 751 1548 832 Ἀντιφάνους
1559 751 1752 828 &masticar-

136 845 236 904 rocari
248 857 396 923 poterunt.
969 861 1014 908 τος
1031 841 1123 921 δρᾶμα
1141 840 1172 900 τὸ
1191 839 1399 921 ἐπιγραφόμενον
1415 841 1573 922 Παροιμίαι.
1587 847 1656 902 llaec
1668 847 1749 905 enim

177 934 210 995 In
220 934 355 994 hocvero
367 950 473 1010 genere
480 930 662 1010 scriptionis,
676 931 708 989 in
720 929 798 1008 quod
811 945 917 1011 praeter
970 929 1134 1008 pertinere,
1153 931 1254 1008 ponus
1269 929 1306 988 ad
1321 930 1473 989 moremin
1485 929 1610 1008 dialogis
1624 931 1662 989 ab
1672 935 1752 994 Aris-
1775 949 1783 969 ·

137 1021 373 1102 Theophrastum
397 1021 584 1096 insequentes
606 1017 808 1098 Peripateticae
827 1019 917 1079 disci·
973 1015 1062 1076 tutele
1073 1015 1277 1090 observatum,
1294 1017 1399 1077 crebro
1417 1018 1578 1096 proverbia
1591 1020 1751 1092 afferendi,

137 1110 225 1189 plina
249 1123 406 1170 sectatores
420 1106 497 1166 miro
511 1105 639 1185 quodam
655 1106 771 1180 ardore,
786 1108 841 1167 etsi
856 1125 916 1167 non
971 1121 1062 1182 supra
1073 1102 1135 1182 jam
1157 1104 1288 1164 diximus
1309 1116 1339 1163 et
1363 1109 1395 1164 in
1418 1105 1497 1166 libro
1520 1111 1574 1165 Dte
1587 1113 1752 1166 certamnen

138 1199 210 1260 satis
220 1199 337 1260 sincero
351 1215 468 1275 semper
476 1193 592 1272 jndicio
605 1194 816 1268 incubuerunt,
828 1195 917 1256 llera·
973 1191 1119 1265 Schnflen
1132 1195 1183 1251 des
1196 1198 1367 1266 Aristoteles,
1383 1214 1413 1273 p.
1435 1197 1489 1254 163
1504 1215 1549 1274 sq.

139 1287 230 1346 clides
245 1281 837 1355 Ponticus,Dicaearcbus,Aristoxenus,
850 1281 919 1344 Hie·
1014 1279 1102 1350 Quod
1124 1293 1221 1341 umen
1243 1293 1272 1340 et
1294 1281 1321 1340 si
1342 1280 1379 1340 de
1398 1281 1445 1342 bis
1462 1283 1547 1343 aliter
1567 1285 1750 1344 statuendum

140 1393 300 1452 ronymus,
315 1371 494 1444 Clearchus,
509 1370 652 1448 Satyrus,
668 1369 863 1449 Hermippus,
877 1371 919 1431 fa-
977 1368 1067 1439 foret,
1086 1367 1187 1429 nullos
1206 1382 1250 1429 est
1262 1370 1347 1429 locus
1367 1390 1455 1448 quem
1471 1371 1542 1432 satis
1560 1387 1640 1432 certo
1663 1374 1699 1432 ad
1715 1375 1752 1432 li-

140 1463 199 1522 cile
216 1461 394 1542 principem
423 1459 513 1519 fuisse
547 1459 734 1518 Aristotelem
766 1477 917 1536 agnoscas.
973 1455 1063 1516 brom
1094 1457 1328 1517 proverbiorum
1359 1459 1529 1523 referamus.
1564 1460 1753 1540 Quaecunque

138 1552 255 1631 Quippe
263 1562 305 1609 tot
312 1562 341 1609 et
355 1562 435 1608 mnu
444 1548 510 1627 ejus
523 1560 593 1608 suot
603 1548 634 1607 io
645 1547 700 1606 hac
713 1567 746 1606 re
761 1548 877 1622 merita,
886 1563 919 1608 ut
975 1545 1055 1605 enim
1067 1547 1133 1606 sive
1141 1548 1220 1626 apud
1230 1548 1505 1630 Paroemiographos
1515 1551 1580 1611 sire
1590 1551 1667 1630 apud
1680 1552 1754 1610 alios
1776 1556 1780 1561 “

139 1633 819 1715 omnisAlexandrinorumphilolugiaadillum
832 1638 917 1714 quasi
975 1651 1013 1691 ex
1027 1634 1184 1695 Aristotele
1203 1635 1360 1695 laudantur
1379 1638 1605 1715 proverbiorum
1625 1640 1753 1718 explica·

139 1740 285 1788 auctorem
304 1725 520 1805 quodammodo
537 1722 690 1784 referenda
706 1723 759 1796 sit,
769 1724 916 1802 siqnidem
977 1722 1086 1796 tiones,
1108 1743 1158 1783 eas
1180 1742 1198 1782 e
1221 1723 1342 1784 Politiis
1356 1724 1462 1803 petitas
1477 1727 1566 1786 fuisse
1586 1727 1649 1786 sire
1668 1729 1755 1788 certis

139 1817 237 1876 nullus
253 1816 332 1876 alius
346 1813 402 1873 fuit
416 1813 495 1893 apud
508 1831 595 1890 quem
611 1811 836 1888 locupletiorem
853 1832 918 1889 gra·
977 1811 1156 1871 testimoniis
1182 1825 1314 1884 constat,
1343 1812 1409 1872 sive
1438 1815 1635 1894 probabiliter
1660 1819 1753 1894 conii·

139 1905 328 1964 vissimarum
343 1899 583 1960 observationum
594 1917 718 1958 mmsem
728 1901 917 1975 invenerunt,
975 1899 1064 1962 citur.

139 1995 310 2070 quicunque
329 1987 400 2048 inde
420 1985 458 2047 ab
473 1986 663 2046 Eratosthene
686 2001 715 2046 et
740 1986 919 2048 Callimacho

139 2081 175 2140 ad
194 2079 352 2158 Didymum
371 2095 465 2154 nsque
488 2079 520 2134 in
540 2075 723 2154 exploranda
745 2076 919 2154 antiquitate
1233 2085 1259 2143 l.
1282 2083 1498 2146 uotltttal.

139 2163 920 2244 versatisnnt.Quodetmultomauifestiusappareret,

139 2261 164 2316 si
180 2257 227 2317 vel
247 2255 343 2334 ipsius
362 2253 529 2313 Aristotelis
552 2252 638 2312 talem
661 2250 770 2310 librum
785 2253 920 2332 posside-
1013 2253 1130 2312 Nullum
1154 2267 1198 2313 est
1213 2255 1345 2334 profecto
1364 2255 1443 2314 inter
1463 2257 1562 2314 omnia
1586 2255 1753 2318 Aristotelis

140 2363 255 2416 ποιουν,
272 2361 339 2420 que
363 2342 443 2400 enim
469 2341 533 2400 sola
559 2336 609 2398 bic
633 2339 780 2398 nominari
812 2343 920 2418 poterit
973 2343 1096 2422 scripta,
1116 2342 1181 2402 sire
1202 2342 1355 2422 deperdita
1376 2345 1439 2405 sire
1456 2344 1544 2404 οιίαιιι
1565 2360 1697 2421 servata,
1718 2369 1755 2408 ne

140 2431 276 2491 collectio
290 2427 474 2488 blirabilium
487 2427 741 2489 Auscultationum
752 2440 852 2506 aperte
859 2449 919 2489 non
974 2427 1113 2492 Historiis
1129 2430 1248 2508 quidem
1269 2429 1447 2492 Animalium
1469 2433 1608 2512 exceptis,
1635 2455 1673 2493 ex
1694 2457 1757 2513 quo

141 2523 182 2579 ita
201 2519 323 2578 multum
339 2530 407 2596 post
419 2517 604 2578 Aristotelem
617 2535 655 2574 ex
667 2516 761 2595 ipsius
778 2516 919 2577 aliorum·
973 2518 1059 2595 plura
1074 2517 1206 2578 hausisse
1226 2533 1255 2578 et
1277 2520 1309 2578 in
1323 2539 1393 2580 suos
1418 2540 1490 2580 usus
1509 2522 1690 2583 transtulisse
1706 2526 1754 2584 ri·

141 2628 199 2688 qne
218 2607 305 2666 libris
319 2604 475 2684 compilata
489 2616 548 2678 est,
563 2604 611 2664 rel
623 2605 649 2664 si
663 2605 779 2682 integro
793 2606 919 2682 quodam
976 2607 1101 2666 deantur
1130 2627 1197 2666 cum
1225 2607 1489 2686 Peripateticorum
1515 2611 1664 2689 plerique,
1695 2627 1754 2672 turn

142 2691 263 2771 Didymi
278 2694 663 2752 commentario‘uteremnr.
677 2692 760 2750 Nunc
774 2709 922 2771 veroque
974 2695 1183 2754 Alexandrina·
1211 2696 1303 2754 aetatis
1330 2696 1515 2772 grammatici
1539 2710 1568 2754 et
1591 2698 1752 2776 philologi,

141 2804 178 2843 ex
204 2783 287 2841 hisce
308 2780 396 2840 libris
432 2780 598 2840 Aristotelis
620 2781 829 2853 innotuerunt,
854 2781 923 2842 licet
975 2801 1064 2860 quam
1084 2781 1259 2840 Politiarum
1277 2801 1363 2860 opus.
1380 2781 1467 2851 Quod
1481 2783 1523 2842 ita
1533 2784 1623 2843 fuisse
1637 2788 1755 2862 egregie

144 2870 235 2931 multa
245 2869 305 2930 sint
314 2868 495 2946 maximique
505 2869 653 2941 facienda,
665 2871 753 2944 longe
764 2870 920 2929 inaxinmm
979 2871 1159 2929 demonstrat
1167 2868 1271 2946 ingens
1281 2869 1369 2947 plane
1379 2870 1607 2946 fragmentorum
1621 2870 1689 2931 inde
1701 2893 1755 2952 pe-

143 2971 255 3038 partem
269 2956 415 3035 excerptis
437 2955 582 3014 debentur
596 2976 662 3034 quae
676 2975 693 3014 a
707 2957 922 3034 posterioribus
976 2959 1097 3017 titorum
1106 2976 1257 3016 numerus.
1270 2956 1329 3027 Qui
1341 2977 1415 3016 vero
1426 2958 1518 3016 multo
1528 2960 1615 3017 etiam
1628 2961 1755 3038 amplior

24 3081 25 3092 ι
143 3067 179 3104 ex
193 3044 457 3104 Alexandrinorum
477 3057 506 3102 et
520 3045 669 3122 precipue
693 3044 813 3121 Didymi
829 3047 922 3122 copiis
977 3045 1070 3116 fieret,
1084 3045 1110 3104 si
1123 3043 1175 3103 illa
1185 3063 1304 3122 (quoque
1318 3044 1425 3104 addere
1437 3045 1549 3120 liceret,
1565 3067 1640 3129 quae,
1655 3068 1755 3108 recon-

24 3115 26 3170 i
144 3136 219 3193 facta
238 3145 316 3194 sunt.
333 3131 425 3202 Quam
441 3132 545 3210 iniqua
560 3132 652 3208 igitur
663 3133 695 3192 in
708 3133 756 3192 his
770 3135 809 3191 sit
822 3149 922 3194 nostra
976 3131 1095 3192 ditioris
1106 3151 1206 3209 graeca
1220 3132 1404 3211 antiquitatis
1413 3134 1547 3193 notitiam
1562 3136 1754 3210 continentia,

24 3235 26 3274 l
144 3222 274 3281 conditio
290 3219 375 3280 facile
395 3220 548 3299 perspicis.
562 3221 627 3281 Nou
638 3221 715 3280 enim
732 3219 817 3280 aliter
831 3241 863 3281 se
873 3243 921 3283 res
978 3221 1015 3281 ab
1025 3220 1184 3280 Aristotele
1196 3220 1325 3299 primum
1334 3221 1367 3280 in
1381 3240 1449 3281 snas
1458 3221 1646 3281 collectiones
1657 3225 1755 3295 relata,

24 3373 25 3388 ρ
144 3309 246 3382 habet,
269 3309 342 3367 acsi
366 3308 519 3386 deperdito
534 3309 763 3388 praeclarissimo
779 3329 868 3390 opere
882 3311 920 3371 de
977 3309 1086 3368 deinde
1099 3308 1209 3368 omisso
1229 3306 1294 3385 ejus
1308 3308 1429 3376 nomine
1443 3309 1478 3368 ad
1498 3310 1670 3369 recentioris
1690 3325 1756 3370 aeta·

144 3395 324 3455 Animalium
339 3395 491 3469 historiis,
515 3395 552 3455 de
573 3415 609 3455 eo
634 3416 671 3455 ex
688 3397 762 3456 solis
777 3399 923 3478 excerptis
978 3397 1016 3456 tis
1030 3397 1189 3476 scriptores
1200 3395 1411 3475 migraverunt.

147 3505 210 3561 qua
235 3485 342 3562 passim
361 3484 439 3562 apud
460 3484 630 3544 Athenaeum
658 3485 789 3564 aliosque
809 3502 923 3547 serrata
1018 3485 1081 3546 Etsi
1105 3504 1176 3543 vero
1202 3484 1328 3562 singule
1350 3484 1466 3544 Politice
1511 3486 1599 3546 assim
1623 3489 1755 3547 amultis

145 3588 224 3646 sunt,
232 3573 424 3652 judicandum
435 3585 520 3634 esset.
976 3574 1146 3646 laudantur,
1170 3573 1207 3631 de
1229 3572 1363 3632 universi
1388 3584 1484 3632 tamen
1507 3575 1606 3652 operis
1625 3575 1754 3650 ratione,

188 3663 231 3719 De
247 3661 341 3720 titulis
360 3661 525 3736 nonnullis,
542 3661 577 3718 ad
599 3663 707 3741 scripta
721 3661 855 3721 historici
877 3685 922 3723 ar·
978 3681 1080 3742 scopo,
1098 3660 1220 3732 ambitu,
1237 3659 1429 3719 exornatione
1449 3680 1509 3719 non
1529 3661 1570 3720 ita
1583 3663 1674 3722 multa
1688 3680 1756 3723 sunt

148 3751 277 3825 gumenti
295 3747 467 3820 referendis,
487 3748 520 3806 in
534 3749 605 3808 solis
617 3767 688 3807 vero
702 3748 852 3808 indicibus
863 3769 923 3810 me·
978 3771 1043 3828 quae
1057 3751 1233 3829 accepimus,
1248 3749 1339 3806 immo
1361 3749 1546 3826 paucissima,
1571 3749 1597 3808 si
1618 3770 1754 3827 quaecun-

147 3835 269 3896 moratis
283 3835 364 3894 infra
376 3834 559 3908 ridebimus,
583 3836 619 3893 de
633 3836 725 3912 Peplo
746 3837 798 3914 qui
814 3836 925 3897 dicitnr
978 3859 1036 3916 qne
1047 3836 1125 3917 apud
1139 3838 1298 3917 plerosque
1312 3835 1365 3914 qui
1380 3835 1418 3894 de
1430 3837 1548 3896 Politiis
1566 3838 1655 3897 locuti
1675 3854 1754 3913 sunt,

148 3925 315 3984 Aristotelis
330 3923 518 4002 disputaturi.
535 3923 619 3982 Nunc
641 3935 735 3981 autem
758 3943 852 4001 pauca
872 3925 921 3984 ad·
979 3925 1142 3984 fabularum
1168 3925 1200 3983 in
1223 3922 1340 3981 modum
1361 3921 1503 3982 adornata
1521 3936 1550 3982 et
1572 3938 1671 4004 aperte
1690 3928 1757 3986 ficta

147 4013 241 4072 (lenda
266 4024 352 4072 erum
373 4011 410 4070 de
430 4011 572 4088 singulari
595 4010 675 4070 libro
699 4009 848 4089 Παροιμίαι
872 4013 919 4071 in·
978 4026 1009 4072 et
1029 4013 1169 4072 ementita
1185 4024 1342 4071 narrantur
1354 4010 1444 4070 missa
1462 4011 1623 4071 fecerimus.
1644 4015 1689 4073 Ad
1700 4016 1757 4074 boc

149 4107 259 4185 scripto
272 4105 372 4182 (Diog.
385 4103 419 4165 L.
438 4103 523 4184 138).
539 4103 637 4163 Talem
654 4101 763 4162 librum
783 4105 820 4162 ab
836 4104 921 4164 Aris·
980 4113 1076 4161 autem
1102 4120 1194 4179 genus
1217 4099 1325 4170 multa,
1353 4117 1395 4175 ne?
1418 4098 1513 4158 dicam
1540 4121 1622 4179 paene
1644 4105 1754 4176 cornia,

148 4197 239 4254 totele
273 4214 378 4254 revera
413 4194 610 4272 conscriptum
648 4192 755 4266 fuisse,
788 4205 821 4252 ut
855 4209 923 4273 post
978 4209 1080 4248 eorum
1095 4191 1241 4268 pertinent
1263 4207 1328 4269 quae
1349 4187 1413 4247 sire
1429 4190 1460 4245 in
1477 4188 1557 4250 Vitis
1573 4190 1753 4269 philosophi,

147 4283 398 4342 Sclrneidewinum
413 4293 442 4340 et
451 4281 525 4340 alios
537 4279 572 4341 C.
581 4281 723 4339 lllrillerns
733 4300 853 4359 qnoque
865 4295 925 4343 sta·
978 4279 1042 4338 sive
1054 4276 1092 4337 ab
1105 4275 1235 4355 antiquis
1250 4275 1316 4354 ejus
1325 4275 1536 4355 interpretibus
1555 4279 1660 4337 tradita
1676 4295 1754 4354 sunt,

148 4373 203 4433 tuit
222 4371 276 4452 (cf.
293 4371 369 4433 llist.
394 4391 436 4448 gr.
456 4369 574 4447 fragm.
595 4381 616 4430 t.
633 4367 673 4442 ll,
690 4389 721 4448 p.
742 4369 827 4446 188),
847 4388 924 4432 eso·
978 4369 1090 4448 quippe
1104 4366 1182 4446 apud
1202 4385 1288 4445 quos,
1305 4384 1371 4425 cum
1386 4364 1466 4426 reris
1487 4364 1663 4443 quibusdam
1676 4388 1756 4429 mera

147 4461 209 4520 lius
238 4461 378 4538 Diogenis
405 4457 516 4518 Laertii
545 4459 716 4518 auctoritate
742 4457 795 4516 vix
819 4459 925 4519 confici
978 4455 1094 4516 somnia
1116 4467 1146 4514 et
1165 4473 1250 4532 nugae
1274 4453 1448 4533 plerumque
1470 4455 1669 4534 reperiuntur.
1693 4457 1755 4517 lloc

146 4567 235 4626 posse
259 4566 356 4626 spero.
379 4546 456 4605 Fieri
477 4547 556 4607 enim
570 4547 667 4626 potuit
686 4557 719 4604 ut
740 4543 857 4605 librarii
878 4566 924 4607 er·
978 4543 1051 4621 quin
1070 4561 1172 4601 rerum
1184 4541 1223 4600 sit
1233 4560 1319 4599 nemo
1329 4537 1477 4599 dubitabit
1490 4541 1542 4619 qui
1550 4541 1654 4618 legerit
1665 4543 1755 4603 verba

148 4655 216 4695 rore
240 4635 317 4713 apud
337 4653 403 4694 eum
419 4635 520 4694 illatus
542 4635 581 4695 sit
606 4633 656 4693 bic
678 4631 796 4706 titulus,
813 4634 924 4714 quippe
981 4629 1142 4709 Porphyrii
1155 4628 1337 4707 quidicitur,
1357 4627 1389 4687 in
1398 4627 1564 4706 Prolegom.
1579 4629 1616 4688 ad
1628 4629 1756 4709 philoso-

148 4743 239 4800 quum
259 4722 337 4802 apud
363 4723 551 4802 Anonymum
579 4721 640 4780 baec
654 4721 810 4797 legantur:
832 4724 924 4780 Διονυ-
978 4719 1097 4798 pbiam,
1125 4718 1157 4778 in
1172 4715 1270 4777 schot.
1295 4717 1342 4776 ed.
1368 4717 1504 4778 beandis.
1526 4738 1556 4797 p.
1581 4738 1613 4794 9,
1630 4719 1664 4792 B,
1683 4723 1721 4778 26
1745 4742 1751 4777 ε
1807 4785 1810 4790 ,

150 4813 249 4868 cresim
264 4810 378 4868 ἀστικῶν
395 4809 440 4870 set
457 4811 575 4882 ληναίων
593 4806 739 4889 προοιμίων
753 4805 791 4867 α’.
816 4807 924 4887 Aperte
978 4807 1167 4889 Γιγραμμὲναι
1190 4804 1219 4866 δὲ
1240 4805 1314 4887 αὐτῷ
1337 4804 1387 4866 siti
1411 4802 1458 4864 sai
1472 4805 1610 4867 Πολιτιῖαι
1624 4807 1755 4868 διακόσιαι

149 4896 212 4954 haec
236 4909 374 4975 corrupta
387 4911 464 4958 sunt.
485 4897 591 4958 Nescio
612 4910 707 4955 tamen
726 4914 763 4954 an
784 4895 826 4954 ita
839 4895 924 4954 refin·
979 4894 1146 4968 πενι-ἦκοντοι
1167 4893 1211 4954 τὸν
1237 4893 1366 4974 ἀριθμόν,
1393 4893 1425 4961 ἃς
1452 4894 1633 4976 ουνιγράψατο
1656 4897 1685 4953 ἐκ
1708 4900 1754 4952 τοῦ

149 4983 241 5059 genda
255 4985 323 5057 sint,
337 4997 370 5044 ut
383 4987 538 5066 Παροιμιῶν
554 4987 579 5045 e'
594 5005 631 5044 ex
645 4984 758 5046 ultimis
768 4983 922 5045 efficiatur.
977 4982 1078 5056 πολλὴν
1102 4986 1151 5062 γῆν
1170 4981 1315 5062 περιελθεῖν
1341 4979 1388 5040 σὺν
1403 4979 1561 5061 Ἀλεξάνδρῳ
1573 4982 1612 5061 τῷ
1635 4985 1754 5061 βασιλεῖ,

149 5075 251 5152 Neque
266 5072 359 5149 magis
369 5087 441 5150 puto
453 5073 490 5132 de
508 5073 559 5133 tali
578 5072 657 5132 libro
675 5071 844 5150 accipienda
861 5090 924 5131 esse
979 5089 1044 5148 quae
1058 5067 1232 5130 adverbum
1254 5067 1343 5128 habet
1358 5071 1529 5146 Anonymus
1543 5066 1660 5144 Proleg.
1674 5066 1751 5129 Phil.

148 5159 240 5221 verba
265 5159 458 5239 Cephisodori
485 5162 563 5238 apud
585 5161 754 5220 Athenaeum
779 5159 858 5238 Epit.
881 5157 923 5235 ll,
977 5157 1010 5217 in
1021 5157 1151 5217 &umeri
1163 5155 1272 5217 Anecd.
1288 5153 1382 5217 Paris.
1397 5167 1419 5215 t.
1443 5153 1492 5228 IV,
1516 5167 1545 5233 p.
1565 5155 1637 5226 aab,
1650 5157 1680 5232 6,
1694 5156 1752 5215 nisi

148 5269 179 5326 p.
195 5251 244 5322 6o,
259 5248 285 5305 D
303 5269 310 5304 z
326 5242 392 5307 Ὅτι
415 5245 604 5328 Κηφισόδωρος
622 5246 817 5328 ὁἸσοκράτους
835 5251 921 5324 pstq-
978 5246 1058 5326 quod
1076 5247 1275 5325 ουμπιριιλθαῖν
1291 5241 1453 5324 Ἀλεξάνδρῳ
1465 5242 1593 5322 scripsit.
1617 5241 1676 5302 Nec
1696 5245 1752 5302 mi-
