4017 5984
864 340 1130 403 PROBLEMATA.

205 476 273 536 atsi
287 481 374 548 τοῦτο,
395 472 463 554 ἔφη,
482 472 559 550 μόνον
580 474 606 532 όν
633 471 818 551 προόλήμασιν
838 471 925 553 είρηκε
945 472 975 531 τὸ

207 562 350 641 γινόμενον·
374 565 410 629 είς
433 559 461 621 δὲ
484 561 533 634 τὴν
554 559 638 618 αἰτίαν
662 558 862 638 ἐπιχειρήσομεν
888 565 974 637 ἡμεῖς.

249 652 307 709 Pro
334 651 466 727 ἀκμόνων,
492 651 591 708 ἀκονῶν
617 647 653 705 Η.
675 647 774 726 Steph.
790 645 975 706 scribendum

209 736 417 799 censuit.lnlra
430 737 506 816 apud
514 735 726 812 Plutarchum§
738 743 767 808 t„
780 734 879 793 eodem
889 733 976 792 modo

211 825 326 901 ἄκμονας
341 825 457 902 legitur,
471 823 524 882 ubi
536 821 630 887 ἀκόνας
646 822 704 898 legi
722 817 831 892 debuit
853 821 903 881 sed
919 822 936 898 §
957 824 975 878 6

210 927 287 971 recte
302 914 329 968 αί
345 910 369 971 δ’
388 911 495 982 ἀκόναι,
517 909 596 988 quod
613 909 706 967 solum
722 912 856 968 convenit
874 908 977 986 capitis

211 1000 398 1080 inscriptioni
424 1018 431 1058 :
455 995 506 1057 Διὰ
526 995 584 1054 τίνοι
606 995 690 1054 αἰτίαν
715 999 739 1054 οἳ
762 994 868 1077 χόλικες
882 995 927 1053 καί
950 995 977 1051 οιί

212 1086 359 1162 μολιύδίδες
371 1082 567 1164 ίριύαλλόριιναι
579 1076 738 1165 ψυχρότερον
749 1081 779 1142 rb
796 1081 865 1162 ὕδωρ
883 1087 978 1142 ποιού-

210 1197 261 1233 σιν.
272 1173 295 1231 Ε
308 1171 464 1232 Plutarcho
473 1171 570 1231 hausit
578 1170 692 1230 Psellus
711 1169 788 1250 apud
799 1169 884 1230 Fabr.
901 1167 976 1229 bibl.

215 1279 261 1337 gr.
275 1271 294 1317 t.
307 1257 342 1332 V,
358 1278 384 1318 c.
407 1259 474 1337 rbi,
486 1258 570 1336 cujus
580 1258 671 1317 verba
690 1257 836 1337 adscripta
853 1258 977 1335 margini

218 1349 321 1408 :adicis
334 1347 440 1406 Stoboi
454 1345 568 1406 Furnos
584 1346 663 1405 edita
677 1358 745 1407 sunt
762 1344 839 1423 apud
854 1344 975 1404 Heeren.

209 1457 239 1513 p.
257 1438 326 1507 464,
352 1449 373 1495 t.
396 1433 448 1492 ll:
469 1436 557 1495 Τοῦτο
572 1433 602 1492 rb
623 1433 727 1510 ζήτημα
746 1429 978 1513 Ἀριστοτέλης

209 1523 236 1578 ἓν
251 1519 442 1602 Προόλήμασιν
458 1519 625 1602 ἐπιχειρήσας
635 1525 797 1598 θεωρεῖσθαι,
811 1521 857 1577 obn
868 1519 979 1577 ἐλύσατο

210 1603 978 1690 (itafabric.ipippurulleer.].”l]crtpipiniuutcupi·

206 1720 269 1764 τοις.
284 1698 327 1758 Cf.
343 1697 480 1772 Doehner‚
494 1693 978 1772 QuoestionesPlutarclreoe,'Lipsiae

211 1787 298 1856 1840,
324 1807 353 1865 p.
371 1795 400 1859 l,
421 1788 473 1864 qui
488 1798 579 1844 totum
593 1787 672 1842 hunc
691 1782 789 1841 locum
803 1781 977 1842 emendavit.
1002 1775 1008 1791 ⁸

208 1870 242 1930 ln
257 1873 549 1932 Pseudo-Aristotelis
569 1889 685 1949 quoquc
703 1867 896 1928 problematis
918 1888 976 1926 non

209 1979 277 2018 raro
309 1962 478 2036 questiones
505 1959 614 2037 absque
644 1957 788 2018 solutione
821 1957 977 2033 propositae

208 2051 402 2128 reperiuntur.
413 2049 456 2110 Cf.
473 2047 583 2107 Prantl.
600 2047 620 2107 1.
630 2048 651 2107 l.
669 2067 698 2124 p.
717 2047 784 2103 351.

530 2193 547 2246 e
576 2187 666 2269 (319).

248 2327 282 2383 Α.
307 2323 420 2381 Gellius
433 2321 517 2380 Noct.
544 2325 600 2379 an.
622 2317 700 2390 ΧΙΧ,
723 2321 771 2380 5.:
798 2321 869 2374 Erat
888 2319 976 2374 nobis·

208 2434 268 2469 cum
291 2413 443 2468 virbonus
467 2430 505 2466 esc
526 2411 713 2482 Peripatetico
733 2409 884 2481 disciplina
909 2408 978 2462 bene

207 2503 302 2558 doctus
319 2512 348 2557 et
368 2501 521 2556 Aristotelis
545 2503 623 2552 unice
638 2498 861 2552 studiosissimus.
878 2499 908 2572 is
928 2515 977 2550 rios

206 2609 310 2664 aquam
325 2590 439 2643 multam
457 2605 492 2642 ea
510 2587 600 2639 diluta
617 2589 679 2638 nive
701 2585 820 2638 bibentes
837 2584 980 2637 coercebat

206 2681 376 2749 severiusque
389 2673 561 2746 increpabat.
577 2670 740 2725 Adhibebat
761 2670 840 2725 nobis
857 2673 977 2734 auctori-

207 2774 280 2817 tates
300 2763 431 2817 nobilium
447 2759 610 2814 metlicorum
626 2770 654 2811 et
672 2762 832 2830 cumprimis
852 2754 977 2812 Aarsro-

208 2867 288 2906 ranis
301 2847 469 2923 philosophi,
495 2850 538 2900 rei
557 2850 643 2898 ornatis
663 2843 795 2898 burrianoe
804 2847 971 2917 peritissimi,

208 2943 257 3012 qui
274 2955 376 3011 aquam
391 2936 509 2989 niualem
510 2931 643 3004 frugibus
660 2949 728 2985 saue
741 2942 770 2985 et
780 2930 920 2985 arboribus
924 2926 979 3000 se-

205 3023 328 3076 cundum
343 3021 462 3086 diceret,
475 3019 528 3074 sed
541 3015 698 3071 hominibus
715 3026 783 3088 potu
798 3017 886 3067 nimio
906 3017 983 3066 insa-

209 3111 313 3165 lubrem
333 3127 392 3165 esse
409 3107 555 3180 tabemque
572 3118 601 3160 et
614 3105 721 3160 morbos
738 3105 839 3158 sensim
858 3113 944 3174 atque
956 3105 983 3154 in

209 3201 284 3255 diem
299 3201 412 3272 longum
428 3197 582 3252 uisceribus
595 3197 773 3250 inseminare.
790 3193 859 3246 Herc
872 3191 983 3264 quidem

212 3291 261 3344 ille
272 3291 313 3343 ad
322 3308 371 3342 nos
378 3287 535 3362 prudenter
548 3296 576 3338 et
594 3283 722 3339 benevole
736 3293 765 3336 et
778 3281 888 3335 assidue
898 3279 981 3334 dicti·

210 3381 299 3434 tabat.
312 3379 370 3434 Sed
378 3397 460 3452 quum
473 3376 602 3431 bibendae
614 3375 684 3427 nivis
691 3370 878 3446 pautafieret
889 3369 981 3435 nulla,

208 3472 340 3541 promite
354 3463 522 3521 bibliotheca
544 3463 684 3530 libertis,
703 3477 771 3533 quar
790 3460 900 3512 tunciin
914 3457 984 3509 Her-

211 3557 279 3609 culis
295 3557 399 3626 templo
411 3557 480 3606 satis
497 3549 639 3606 commode
658 3553 793 3603 instructu
809 3546 890 3600 libris
906 3555 984 3613 erat,

210 3631 364 3683 Aristotelis
383 3631 481 3683 libram
494 3647 610 3702 eumque
623 3629 665 3682 ati
677 3647 729 3683 nos
741 3625 832 3699 affert
849 3640 879 3683 et
896 3627 979 3696 hujus

209 3717 319 3783 saltem,
342 3720 438 3788 inquit,
459 3719 515 3770 viri
533 3718 729 3788 sapientissimi
748 3713 842 3769 verbis
860 3715 975 3784 credite,

210 3819 244 3854 ac
255 3802 370 3856 desinite
386 3803 576 3856 ualetudinem
589 3812 712 3855 uestram
725 3802 888 3876 profligare.
899 3803 935 3856 In
947 3821 980 3856 eo

210 3888 278 3942 libro
296 3892 425 3962 scriptum
431 3884 507 3957 suit,
526 3888 701 3942 deterrimum
714 3905 772 3943 esse
789 3900 858 3961 potu
876 3908 978 3962 aquam

208 3995 225 4030 e
238 3980 298 4030 niue
317 3980 434 4049 itemque
453 3977 566 4030 solidius
589 3977 722 4048 latiusque
743 3988 898 4030 concretam
921 3995 980 4032 esse

208 4083 289 4132 eant,
304 4081 388 4137 quam
401 4059 561 4139 κρύσταλλον
578 4063 670 4118 Groeci
685 4065 980 4138 appellantcausuque

211 4152 249 4206 ibi
263 4163 304 4206 est
318 4153 460 4224 adscripta
481 4149 692 4222 hujuscemodi:
712 4173 725 4198 a
742 4151 881 4222 Quoniam
898 4169 979 4224 quum

211 4373 271 4432 puto
279 4372 305 4418 ta
312 4367 430 4418 memoria
438 4371 529 4417 tenere.
540 4363 780 4430 Hoeipsumioquil,
788 4368 814 4416 in
822 4367 981 4418 problematis

211 4456 364 4518 aremoravit,
378 4458 406 4505 ut
415 4468 467 4505 rem
475 4457 572 4504 tantum
584 4456 692 4503 narraret
703 4467 759 4517 quo
773 4453 802 4504 stt
819 4475 825 4504 :
840 4467 885 4504 noa
896 4455 979 4506 autem

209 4557 310 4594 musam
319 4541 497 4606 indagabimus.

585 4657 608 4704 7.

241 4772 292 4819 Gur
309 4783 323 4819 a
339 4769 428 4833 pluviis
446 4769 517 4833 aquis
527 4767 609 4832 potius
624 4780 697 4830 quum
714 4767 979 4817 alluentibusarbores

207 4859 237 4906 et
249 4857 454 4908 mmbaamoleat
468 4855 573 4906 nubiti?
584 4854 698 4918 inquio,
714 4856 743 4903 ut
758 4853 828 4904 Leito
838 4853 977 4916 strumen,

210 4943 299 4995 imbres
321 4949 411 4995 terram
424 4957 471 4995 suo
491 4944 543 4996 ictu
563 4941 721 5003 illicientes,
737 4944 833 4992 meatus
851 4939 977 5000 efficiunt,

209 5044 253 5094 per
263 5044 325 5093 quoa
338 5045 400 5094 aqua
414 5031 509 5082 luobus
522 5031 551 5081 ad
562 5029 669 5080 radicem
681 5030 810 5093 penetret?
823 5033 861 5078 ,lu
874 5027 920 5078 boc
931 5041 976 5078 νο-

209 5133 264 5168 τοιιι
279 5131 327 5168 non
336 5121 384 5182 est,
402 5119 446 5169 sed
467 5117 586 5183 ignorarit
599 5113 684 5167 bailus
698 5115 770 5166 etiam
783 5115 901 5180 palustres
917 5114 975 5166 stir·

1746 347 1802 412 199

1034 501 1047 526 ιι
1062 495 1138 551 aqua
1147 475 1259 554 frigore
1281 483 1354 534 aeris
1373 481 1491 536 duratur
1509 494 1539 537 et
1559 487 1616 539 coit
1635 502 1743 539 necesse
1762 497 1805 540 est

1035 587 1047 611 «
1057 565 1129 636 fieri
1138 569 1351 638 vaporationem
1363 577 1393 620 et
1405 570 1546 640 quandam
1558 576 1639 644 quasi
1646 589 1746 629 auram
1760 584 1803 629 te·

1033 674 1045 698 «
1065 656 1222 708 nuissimam
1232 655 1352 727 exprimi
1359 672 1397 708 esc
1407 672 1443 708 ea
1452 665 1633 716 etcmanare.
1649 661 1688 714 Id
1699 672 1803 732 auoem,

1034 762 1046 786 ι
1064 743 1160 812 inquit,
1180 744 1209 793 in
1228 759 1263 794 ea
1284 741 1446 796 leuissimum
1467 754 1518 811 est,
1534 748 1610 818 quod
1625 761 1800 822 euapmnmr.

1031 851 1043 874 ι
1059 827 1160 882 Manet
1180 840 1273 883 autem
1295 831 1372 902 quod
1389 842 1433 885 est
1449 836 1560 906 gratim
1574 845 1604 890 et
1618 837 1753 892 sordidius
1774 850 1804 892 et

1031 939 1042 961 ι
1057 915 1243 970 insalubrius:
1264 927 1348 990 atque
1357 918 1389 970 id
1399 919 1484 991 pulsu
1503 923 1578 974 aerlr
1585 921 1761 977 uerberatum
1773 928 1802 976 in

1030 1025 1042 1049 ι
1058 1004 1167 1057 modum
1188 1004 1360 1078 coloremque
1371 1023 1479 1078 spumoe
1488 1007 1621 1062 candida
1638 1014 1732 1067 oriucr.
1746 1010 1805 1066 Sed

1033 1113 1044 1134 υ
1061 1091 1246 1164 aliquantum,
1273 1093 1349 1165 quod
1358 1104 1402 1147 est
1413 1094 1564 1163 salubrius,
1589 1092 1701 1169 difflari
1720 1111 1803 1172 atque

1036 1202 1047 1224 ν
1062 1183 1208 1252 evaporari
1230 1197 1268 1234 ee
1293 1184 1371 1253 nive,
1401 1182 1531 1236 indicium
1555 1184 1629 1237 illud
1648 1195 1700 1252 est,
1730 1191 1805 1259 quod

1034 1289 1047 1314 α
1061 1269 1151 1320 minor
1160 1263 1202 1339 fit
1228 1269 1280 1321 illa
1299 1285 1362 1341 quae
1385 1280 1452 1323 ante
1468 1264 1568 1337 suerat
1589 1289 1673 1344 quam
1691 1291 1803 1327 concre-

1034 1375 1046 1400 u
1061 1364 1157 1411 sceret.
1171 1376 1184 1402 ν
1200 1355 1291 1409 Verba
1301 1359 1363 1428 ipsa
1374 1357 1528 1410 Aristotelis
1537 1375 1574 1411 ea
1584 1376 1618 1412 eo
1634 1359 1702 1414 libro
1708 1378 1802 1432 pauca

1030 1444 1114 1494 ,semsi
1135 1451 1162 1494 et
1179 1442 1313 1514 adscripsi
1334 1461 1344 1495 :
1359 1437 1411 1498 Διὰ
1425 1439 1451 1497 τί
1464 1438 1499 1499 τὰ
1511 1441 1566 1500 alab
1578 1441 1665 1520 χιόνος
1679 1449 1724 1501 καί
1738 1466 1801 1523 κρυ-

1031 1522 1151 1582 οτοίλλοιν
1160 1522 1243 1583 ύδιιτα
1258 1525 1346 1606 petii
1355 1527 1425 1584 ἔστιν
1432 1550 1441 1597 ;
1456 1525 1519 1586 Ὀτι
1532 1529 1629 1595 παντδς
1642 1529 1734 1598 ύδατος
1746 1555 1800 1604 πη-

1031 1610 1158 1688 γνυμένου
1181 1612 1212 1672 αδ
1239 1613 1397 1672 λεπτότατον
1414 1615 1560 1674 διαπνεῖται
1580 1618 1626 1676 καί
1644 1619 1801 1701 κουφότατον

1032 1696 1170 1774 ἑξατμίζει.
1184 1701 1300 1776 Σημεῖόν
1314 1701 1352 1775 δέ,
1365 1699 1404 1759 ότι
1418 1700 1525 1762 ἔλαττον
1540 1702 1664 1783 plusculi
1679 1705 1803 1786 πρόττρον

1032 1784 1093 1840 όταν
1111 1789 1180 1864 τακῇ
1193 1787 1285 1863 παγέν·
1300 1789 1490 1858 ἀπεληλυθότος
1507 1781 1551 1849 ούν
1564 1795 1611 1850 τοῦ
1629 1794 1800 1870 ύγιεινοτότον

1033 1868 1134 1948 ἀνοίγκη
1146 1871 1187 1929 ἀεὶ
1199 1871 1228 1930 τὸ
1242 1873 1464 1950 καταλειπόμενον
1480 1878 1567 1954 χεῖρον
1581 1865 1659 1937 ε’ίναι.

1072 1956 1198 2019 Gellium
1219 1961 1360 2038 expressit
1381 1962 1547 2022 Macrobius
1570 1963 1686 2026 Satura.
1710 1965 1801 2028 Serra.

1031 2044 1094 2116 Vll,
1110 2047 1161 2118 62,
1184 2047 1236 2124 qui
1258 2060 1353 2106 nmen
1374 2069 1428 2125 pro
1450 2071 1489 2107 ex
1503 2071 1537 2108 eo
1560 2055 1647 2124 libro,
1671 2064 1750 2110 recte
1773 2060 1803 2108 in

1029 2133 1353 2210 physicisquoestionibus
1369 2145 1437 2208 suis,
1450 2138 1557 2215 posuit.

1355 2286 1370 2337 7
1398 2267 1491 2345 βου).

1070 2389 1333 2461 Plutarch.eraest.
1346 2405 1440 2451 natur.
1449 2413 1477 2452 c.
1488 2413 1505 2450 τ
1515 2414 1523 2448 ε
1535 2391 1587 2451 Διά
1597 2391 1625 2450 τί
1636 2395 1735 2470 μᾶλλον
1749 2395 1802 2455 ὑπὸ

1030 2479 1081 2536 τῶν
1096 2476 1186 2536 ύετίιιν
1201 2475 1218 2547 ἢ
1234 2479 1286 2536 τῶν
1303 2477 1449 2556 ἐπιρρύτων
1465 2478 1568 2539 ύδοίτων
1589 2477 1624 2538 cb
1640 2478 1732 2560 δένδρα
1753 2482 1800 2540 καὶ

1031 2565 1065 2624 τό
1076 2562 1216 2643 σπέρματα
1234 2562 1332 2642 πίροκε
1345 2563 1484 2644 τρίρεσύαι
1491 2588 1501 2637 ;
1517 2564 1643 2646 Πότερον,
1654 2569 1690 2634 ὡς
1704 2567 1804 2633 Δόιτος

1031 2648 1116 2725 ίλεγι,
1131 2651 1165 2727 τῆ
1179 2648 1269 2726 πληγῇ
1280 2645 1314 2704 ab
1324 2646 1423 2728 όμόρια
1436 2650 1571 2709 διιστόντα
1585 2650 1633 2721 τὴν
1644 2657 1694 2729 γῆν
1706 2651 1803 2732 πόραος

1031 2743 1112 2803 ποιεῖ,
1139 2735 1185 2792 καί
1199 2731 1331 2792 διαδύεται
1351 2736 1449 2809 μᾶλλον
1468 2740 1503 2802 τίς
1515 2734 1564 2809 τὴν
1582 2736 1672 2816 pilum
1690 2736 1708 2809 ἢ
1727 2743 1803 2798 τοῦτο

1031 2821 1079 2897 μὲν
1101 2822 1148 2879 oba
1169 2819 1273 2894 ἅληδίς,
1289 2821 1348 2878 ἀλλ’
1365 2819 1441 2879 ἔλαθε
1454 2819 1499 2879 τὸν
1516 2820 1626 2898 lisso,
1641 2822 1681 2882 brt
1702 2822 1748 2883 καὶ
1769 2823 1803 2882 τὰ

1029 2909 1139 2984 λιμναῖα
1152 2907 1231 2989 part,
1247 2905 1314 2986 τύφη
1327 2906 1373 2965 καλ
1385 2907 1470 2988 plius
1483 2908 1529 2966 καλ
1542 2907 1630 2987 θρόον,
1644 2908 1741 2980 ἀναυξῆ
1758 2913 1803 2968 καὶ

1031 2994 1153 3065 diluat-'i
1170 2992 1258 3072 ρίνει,
1274 2992 1312 3070 μὴ
1329 2992 1474 3075 γινομένων
1485 2993 1592 3073 όριόριιν
1602 2994 1662 3055 καθ’
1675 2995 1759 3075 ὥραν·
1773 2997 1803 3054 τὸ

1032 3082 1059 3140 δὲ
1075 3086 1122 3140 τοῦ
1136 3080 1395 3160 Ἀριστοτέλους
1409 3083 1513 3154 utpute,
1530 3081 1572 3141 δτι
1584 3081 1734 3162 πρόσφατόν
1745 3086 1803 3141 ἐστι

1032 3169 1077 3228 καί
1098 3168 1155 3228 νίον
1170 3167 1239 3247 ὕδωρ
1252 3167 1282 3227 τὸ
1295 3167 1414 3246 ύόμτνον,
1437 3167 1517 3227 ἕωλον
1539 3169 1567 3227 δὲ
1585 3170 1631 3229 καλ
1645 3168 1759 3228 παλαιδν
1773 3171 1803 3228 τὸ

1030 3258 1165 3330 λιμναῖον,
1181 3255 1226 3315 Cf.
1239 3254 1282 3315 ib.
1305 3278 1330 3316 c.
1348 3259 1384 3314 33
1403 3262 1458 3328 (ex
1477 3257 1666 3317 translatione
1679 3257 1801 3334 Gyberti

1032 3343 1176 3423 Longolii)
1191 3357 1212 3403 t.
1227 3343 1265 3403 ll.
1276 3364 1308 3422 p.
1320 3344 1394 3402 τιοῦ
1404 3343 1588 3404 οά.Ι)ἰίλ>ιιετ.
1601 3365 1609 3400 :
1622 3346 1717 3417 Quare
1727 3365 1803 3419 aquo

1031 3433 1172 3506 depulsis
1184 3431 1285 3487 hausta
1305 3439 1398 3487 miuus
1411 3435 1466 3488 ulit
1485 3453 1569 3507 quum
1589 3452 1655 3507 pute
1668 3436 1705 3488 de
1710 3431 1800 3503 sonte
1893 3474 1899 3484 .

1031 3533 1080 3576 aut
1093 3524 1163 3575 ccelo
1177 3533 1276 3575 manat
1281 3523 1298 3574 ἀ

1356 3664 1373 3719 8
1396 3663 1484 3739 (321).

1072 3800 1218 3860 Plutarch.
1233 3800 1340 3870 Quaest.
1356 3798 1540 3877 consimili,
1557 3808 1586 3870 l,
1610 3819 1623 3857 1
1646 3821 1653 3856 :
1680 3799 1730 3859 Διά
1744 3800 1802 3858 τίνα

1033 3887 1119 3946 αἰτίαν
1137 3887 1166 3945 τὸ
1180 3886 1325 3967 ρρεατίδιον
1343 3887 1411 3965 ύδωρ
1430 3888 1550 3967 ἀροσθίν,
1565 3884 1609 3944 ttv
1631 3889 1658 3945 la
1677 3887 1749 3966 αύτῷ
1764 3889 1802 3966 τῷ

1033 3980 1078 4034 τοῦ
1103 3975 1212 4053 ρρίατος
1236 3973 1294 4055 δίρι
1314 3973 1480 4053 νυκτεριύση,
1504 3973 1663 4054 ψυχρότερον
1687 3975 1802 4051 piverum

1033 4060 1198 4142 Ψυχροπότῃ
1213 4059 1277 4141 ξίνιρ
1297 4053 1425 4140 τρυρῶντι
1453 4068 1654 4139 παρεσκεύασαν
1677 4063 1702 4119 oi
1723 4061 1803 4139 bapti·

1033 4172 1124 4215 ποντες
1150 4151 1180 4206 ἐκ
1198 4153 1242 4206 τοῦ
1257 4147 1365 4227 ρρίοιτος
1378 4147 1448 4226 ὕδωρ
1461 4148 1629 4228 ψυχρότερον·
1643 4147 1803 4224 ἀρνούμενοι

1035 4381 1087 4430 pes,
1106 4370 1135 4417 ut
1156 4367 1308 4432 auulmpba,
1325 4367 1414 4431 plrleoa
1436 4371 1462 4418 et
1481 4367 1553 4429 ulva,
1576 4381 1655 4432 aeque
1668 4368 1802 4433 gambara

1034 4467 1115 4519 ireque
1127 4468 1256 4520 augescere
1272 4434 1314 4505 ubi
1327 4454 1418 4506 imbres
1430 4468 1475 4506 suo
1485 4457 1596 4519 tompore
1608 4469 1656 4506 uon
1670 4455 1800 4514 deciduam

1034 4541 1078 4593 sed
1090 4542 1172 4607 polius
1187 4555 1273 4592 verum
1286 4543 1326 4592 eet
1345 4541 1411 4604 quod
1431 4542 1575 4594 Anatoteles
1590 4542 1661 4604 dixit,
1676 4555 1763 4593 novum
1775 4543 1802 4591 et

1034 4632 1155 4681 maenum
1171 4643 1225 4679 esse
1242 4641 1330 4692 aquam
1349 4629 1465 4693 pluvium,
1477 4632 1584 4680 veterem
1594 4632 1621 4680 et
1630 4629 1752 4680 exoletam
1763 4627 1799 4677 la·

1031 4719 1126 4767 cuum?

1405 4835 1429 4881 8.

1064 4942 1124 4998 Qutc
1138 4938 1172 4989 sit
1191 4952 1282 4997 causa,
1304 4952 1377 4989 cure
1394 4940 1470 5002 puteo
1483 4939 1654 5000 bauauaqua,
1669 4935 1693 4988 ti
1709 4935 1800 5000 inipso

1030 5026 1098 5087 putei
1109 5038 1164 5076 aere
1174 5028 1308 5089 pernoctet,
1321 5024 1429 5090 sigibot
1437 5023 1572 5075 nudatur?
1583 5022 1689 5087 Hospiti,
1699 5023 1743 5087 qui
1752 5022 1799 5072 bt·

1030 5115 1110 5178 pidum
1127 5114 1210 5166 bibere
1229 5114 1323 5166 nolebat
1335 5118 1361 5165 et
1377 5115 1404 5164 iu
1424 5127 1454 5165 ea
1469 5127 1496 5163 re
1517 5111 1693 5175 lumrlabatur,
1713 5110 1799 5161 tantali
