4017 5984
387 827 442 864 1111
935 800 1151 859 ruarmo.

387 955 483 1010 tores
505 935 718 1009 scholastici.
749 939 820 1005 Nec
850 933 1097 1027 jocosissimus
1118 933 1155 1001 in
1183 930 1254 1002 hoc
1282 945 1535 1029 generepoeta
1567 943 1707 1000 nostras

387 1063 545 1133 comicus
564 1074 616 1130 est
630 1055 726 1156 apud
746 1081 856 1154 quem
872 1057 991 1128 nescio
1011 1057 1092 1151 quis
1105 1053 1331 1126 Aristotelem
1350 1055 1386 1124 in
1406 1055 1522 1150 capite
1542 1051 1588 1123 de
1605 1053 1708 1151 pileis

387 1182 536 1254 laudans
554 1181 749 1252 inducitur.
772 1179 835 1250 Vix
846 1181 966 1250 minus
981 1177 1124 1249 ridiculi
1140 1193 1224 1247 sunt
1243 1190 1461 1247 tractatuum
1475 1174 1569 1244 tituli
1583 1173 1707 1270 quales

386 1309 422 1378 in
440 1305 668 1377 bibliothecis
689 1303 809 1374 adhuc
827 1304 1060 1402 reperiuntur
1079 1300 1275 1371 Aristotelis
1288 1325 1421 1371 nomen
1446 1298 1703 1370 ementientes:

386 1429 429 1497 de
445 1435 532 1498 Arte
546 1429 699 1508 notaria,
722 1425 765 1495 dc
779 1425 1020 1496 conductibus
1033 1449 1218 1520 aquarum,
1233 1423 1275 1493 cle
1292 1425 1507 1494 Ciromautio
1523 1422 1582 1517 (cl.
1599 1425 1706 1508 Rose,

388 1554 500 1622 Arist.
517 1523 757 1647 rseadepigr„
778 1575 814 1646 p.
832 1549 933 1644 606),
949 1549 1071 1619 utalia
1086 1548 1159 1618 sive
1177 1547 1385 1642 astrologica
1404 1546 1477 1617 sive
1493 1543 1705 1640 alchymica,

387 1700 466 1772 quae
484 1689 674 1761 vocantur,
690 1687 842 1745 taceam.
864 1672 956 1743 Talia
978 1697 1083 1743 nosse
1099 1696 1227 1742 eorum
1249 1671 1359 1742 refert
1382 1671 1445 1767 qui
1461 1670 1499 1740 in
1516 1668 1706 1739 historiam

387 1797 682 1869 scholasticorum
696 1799 898 1894 inquirunt,
915 1821 997 1867 cum
1011 1818 1182 1890 germano
1201 1818 1287 1865 vero
1302 1793 1489 1865 Aristotele
1505 1791 1595 1863 nihil
1608 1814 1708 1862 com·

388 1945 497 1991 mune
510 1919 657 1992 habent.
674 1927 745 1992 Nec
762 1920 872 2016 magis
886 1920 1077 1991 conserunt
1091 1917 1137 1988 ad
1148 1918 1408 1988 accuratiorem
1422 1913 1630 2013 philosophi
1640 1939 1707 1983 no·

387 2044 504 2114 titiam
524 2069 748 2141 quacunque
759 2070 798 2115 ex
815 2044 967 2115 arabicis
985 2043 1201 2140 plerumque
1218 2041 1381 2113 lontibus
1396 2040 1568 2130 derivata,
1584 2039 1706 2108 sivein

388 2161 654 2260 antiquioribus
672 2164 888 2262 quibusdam
913 2162 1132 2237 editionibus
1151 2165 1243 2260 typis
1268 2187 1431 2261 expressa
1461 2176 1557 2248 sunt,
1582 2160 1706 2230 sivein

389 2286 576 2359 codicibus
590 2303 727 2358 exstare
742 2286 924 2358 dicuntur.
942 2289 987 2356 Ex
1006 2311 1080 2382 quo
1092 2310 1220 2382 genere
1234 2311 1315 2383 quae
1328 2285 1511 2357 notissima
1526 2300 1610 2355 sunt
1625 2282 1709 2353 hre-

389 2411 483 2481 viter
496 2409 557 2480 hic
572 2408 776 2480 recensebo.

438 2537 539 2630 Opus
554 2530 652 2627 quod
672 2531 905 2603 inscribitur:
929 2532 1132 2602 Aristotelis
1153 2532 1235 2602 libri
1248 2538 1337 2604 XIV
1348 2532 1393 2602 de
1402 2533 1590 2604 'secretiore
1600 2547 1710 2628 purte

390 2653 515 2724 ‹livinoe
530 2655 715 2750 sapientia
731 2653 921 2724 secundum
940 2657 1144 2752 AEgyptrhs,
1161 2654 1295 2728 additis
1306 2669 1477 2754 praeterea
1494 2656 1551 2726 his
1563 2654 1707 2727 uerbis:

390 2780 454 2873 qui
477 2776 572 2846 illius
592 2778 832 2873 metaphysica
862 2781 1164 2867 marcomirem,
1193 2805 1273 2850 cum
1294 2782 1482 2851 Platonico
1508 2805 1639 2878 magra
1664 2805 1710 2849 ex
1801 2833 1811 2846 .

387 2916 491 2996 porte
513 2903 764 2987 convenientia,
788 2901 955 2973 ultimum
973 2901 1110 2973 editum
1128 2917 1182 2974 est
1200 2927 1220 2973 a
1239 2903 1374 2974 Jacoho
1394 2905 1638 3001 Carpentario,
1654 2905 1709 2974 in-

391 3025 588 3095 fensissimo
607 3025 701 3095 Petri
715 3027 816 3094 Rami
835 3024 1054 3114 adversario,
1070 3027 1217 3098 Lutetiae
1236 3027 1466 3113 Parisiorum,
1488 3051 1522 3096 a.
1554 3025 1617 3122 ¹57
1629 3051 1657 3111 t,
1674 3041 1710 3097 et

392 3145 525 3239 exejus
540 3145 698 3216 editione
716 3147 909 3242 repetitum
925 3145 1055 3240 legitur
1077 3148 1113 3218 in
1133 3147 1352 3219 editionibus
1371 3146 1652 3218 Casauhonianis
1674 3161 1711 3218 et

394 3267 625 3338 Duvallianis.
648 3268 788 3338 Nullius
806 3281 927 3340 tamen
945 3272 1052 3367 pretii
1070 3270 1165 3342 hanc
1176 3271 1399 3368 carpentarii
1422 3270 1616 3342 editionem
1635 3295 1711 3342 esse

392 3417 434 3462 ex
453 3391 563 3487 ipsius
582 3391 804 3462 consessione
831 3408 992 3491 apparet.
1022 3394 1158 3465 Inlelici
1175 3394 1272 3465 enim
1295 3395 1416 3465 studio
1443 3392 1614 3492 abreptus
1642 3419 1711 3464 ser·

394 3539 536 3586 monem
551 3515 702 3585 latinum
712 3517 823 3611 paulo
840 3517 1106 3590 tolerabiliorem
1119 3517 1308 3604 reddendi,
1322 3517 1418 3589 idem
1432 3517 1521 3588 illud
1532 3519 1710 3589 commisit
1775 3492 1780 3506 ’

394 3637 494 3734 quod
508 3639 544 3707 in
557 3653 677 3709 vetere
697 3639 859 3710 versione
874 3637 955 3710 libri
968 3640 1116 3711 secundi
1128 3641 1459 3712 OEconomieorum
1481 3665 1503 3711 a
1524 3639 1711 3711 Leonardo

395 3762 536 3832 Aretino
553 3759 685 3831 lactum
705 3777 780 3832 erat
795 3762 853 3856 (ol.
874 3763 979 3854 inlra,
1000 3789 1037 3861 p.
1067 3762 1166 3860 152),
1189 3763 1299 3859 idque
1317 3788 1432 3859 quum
1455 3787 1574 3859 neque
1591 3789 1711 3835 exem-

393 3883 472 3980 plar
482 3881 663 3955 arabicum
677 3885 887 3983 possideret,
903 3911 1022 3984 neque
1035 3888 1146 3984 ipsius
1160 3887 1287 3981 linguae
1301 3887 1504 3982 cognitione
1515 3887 1712 3957 instructus

394 4021 496 4078 esset.
517 4011 642 4104 ltaque
659 4009 783 4105 siquis
800 4009 836 4081 in
853 4008 922 4080 hos
935 4010 1049 4081 libros
1071 4013 1274 4082 accuratius
1289 4011 1471 4107 inquirere
1494 4011 1626 4109 cupiat,
1643 4011 1712 4082 nisi

395 4128 536 4200 arabice
553 4146 703 4218 exstent,
725 4131 983 4204 recurrendum
997 4133 1032 4203 ei
1048 4134 1116 4204 erit
1130 4133 1175 4203 ad
1189 4136 1343 4231 primam
1365 4158 1493 4205 eorum
1516 4133 1711 4205 editionem

395 4279 503 4349 quam
520 4259 645 4325 Petrus
660 4253 826 4326 Nicolaus
842 4256 1057 4327 Faventinus
1079 4256 1228 4352 quidam
1250 4255 1389 4327 curavit
1409 4261 1531 4328 Romae
1553 4281 1585 4326 a.
1621 4255 1712 4353 1519

274 4458 276 4466 y
396 4376 465 4447 hoc
481 4376 586 4448 titulo
602 4403 610 4446 2
627 4378 825 4448 Aristotelis
843 4377 1017 4476 theologia
1041 4404 1074 4449 s.
1097 4381 1240 4448 uu'stica
1255 4377 1503 4477 philosophica
1520 4377 1711 4448 secuudum

396 4502 588 4595 AEgyptios
601 4501 734 4570 noviter
753 4517 894 4599 reperto.
911 4517 946 4571 et
964 4504 1003 4571 in
1022 4501 1176 4572 latinum
1192 4502 1345 4573 redacto.
1366 4500 1535 4572 Praelatns
1556 4515 1609 4571 est
1627 4499 1712 4572 huic

396 4621 544 4714 editioni
557 4623 593 4693 in
616 4624 765 4720 epistola
781 4623 828 4695 ad
840 4629 996 4696 Leonem
1012 4630 1044 4696 X
1059 4627 1265 4697 Franciscus
1280 4631 1417 4697 Roseus
1432 4630 1631 4715 RavennaS,
1649 4626 1713 4720 qui

396 4761 518 4816 narrat
542 4771 579 4818 se
598 4773 711 4844 quum
729 4750 893 4820 Damasci
921 4749 1114 4835 habitaret,
1132 4752 1168 4821 in
1193 4751 1260 4822 hos
1280 4750 1392 4821 libros
1425 4748 1588 4820 incidisse
1620 4774 1713 4845 quos

396 4866 577 4942 Abanema
596 4875 793 4944 Saracenos
807 4873 843 4944 in
858 4871 1037 4946 arabicam
1054 4873 1211 4970 linguam
1237 4872 1456 4946 transtulisse
1474 4873 1665 4944 diceretur.
1686 4877 1711 4942 Α
