4017 5984
925 362 1058 436 ΙΖΟίίίΑ.

208 511 282 588 μείξει
303 509 348 569 καί
369 507 610 586 ποικιλόγραμμον,
625 504 667 562 διὰ
690 501 719 561 τὸ
740 499 872 579 μελαίναις
894 519 976 576 γραμ·
998 506 1005 638 γ

211 599 272 672 pai<
290 595 467 656 πεποικίλθαι.

524 729 559 786 τό
581 727 670 805 (α5ι).

224 895 226 900 ·
249 872 354 930 Athen.
367 869 432 944 tlt,
447 870 516 938 αδδ,
532 867 569 923 i':
583 869 680 930 Βῶκες·
698 862 936 940 Ἀριστοτέλης
950 859 976 915 έν

210 959 452 1039 τῷίπιγραρομένῳ
460 947 977 1032 ΖωικῷἣπερίἸχθύωννΝωτόγραπτα,

212 1047 288 1129 prul,
302 1045 407 1122 λέγεται
422 1043 485 1121 βῶξ,
501 1041 693 1119 σκολιόγραπτα
708 1036 735 1097 δὲ
751 1036 852 1103 κολίας.
867 1063 878 1087 ν

531 1183 565 1236 τι
588 1179 679 1256 (σοι).

253 1313 980 1396 Athen.Vll‚313,l):Maidvcupc;...’Apresumitur

213 1411 240 1471 δὲ
249 1414 276 1472 έν
284 1410 385 1490 τῷπερί
393 1411 497 1469 Ζωικῶν
508 1407 601 1486 γρύιρει
611 1404 698 1472 οὕτως·
707 1433 719 1458 ι
729 1403 979 1485 Ὀρροπυγόστικτοι

215 1500 241 1558 δέ
256 1503 308 1558 τῶν
327 1496 422 1575 ἰχθύων
438 1495 593 1575 μελάνουρος
607 1492 652 1552 καί
669 1491 781 1573 σαργός,
795 1487 980 1569 πολύγραμμοί

213 1609 240 1644 τι
256 1584 299 1644 καί
312 1584 537 1663 μελανόγραμμοι.
550 1609 561 1632 ν

521 1743 553 1794 17
575 1722 666 1798 (σοι).

256 1863 361 1922 Αιίιειι.
383 1859 447 1936 llll,
472 1863 547 1932 3ο5,
570 1862 593 1919 C
611 1882 618 1918 ι
636 1861 733 1938 Ιίίχλσι
756 1860 799 1916 καὶ
821 1858 980 1937 κόσσυφοι...

163 1975 166 1984 ’
214 1948 443 2026 Ἀριστοτέλης
455 1948 476 2006 δ’
491 1952 518 2007 έν
534 1951 570 2028 τῷ
583 1947 642 2026 περί
658 1951 774 2008 Ζωικιῗιν·
791 1977 802 1998 ι
822 1945 875 2006 Καί
890 1945 922 2004 air
934 1945 981 2022 pir

215 2038 406 2112 μελανόστικτα
421 2033 509 2113 ὥσπερ
531 2035 673 2114 κόσσυρος,
689 2035 722 2092 τὰ
739 2034 765 2092 δὲ
787 2033 981 2092 ποικιλόστικτα

215 2125 303 2202 ὥσπερ
313 2123 403 2202 κίχλη.
416 2152 427 2174 ι

534 2271 567 2327 18
584 2271 674 2346 (254).

255 2419 357 2477 Athen.
374 2417 454 2488 Vlll,
471 2419 539 2488 331,
557 2419 582 2475 l)
599 2436 606 2476 :
624 2415 745 2480 Μνασέας
757 2399 781 2473 Ιδ’
796 2419 809 2473 ὁ
825 2414 944 2494 Πατρεὺς
955 2419 981 2474 ἐν

217 2509 254 2579 τῷ
269 2505 394 2582 Περίπλῳ
408 2504 466 2571 τοὺς
476 2507 501 2564 lv
516 2509 553 2583 τῷ
565 2505 684 2580 Κλείτορι
693 2507 804 2582 ποταμῷ
820 2503 897 2582 ρησίν
912 2507 984 2582 ἰχθῦς

132 2617 134 2622 ·
217 2592 378 2672 φθέγγεσθαι,
402 2591 487 2650 καίτοι
497 2591 588 2668 μόνους
601 2589 731 2667 εἰρηκότος
742 2589 983 2670 Ἀριστοτέλους

221 2677 375 2756 φθέγγεσθαι
385 2676 481 2756 σκάρον
493 2677 538 2735 καὶ
553 2677 595 2734 τὸν
607 2678 734 2753 ποτάμιον
748 2685 847 2754 χοῖρον.
864 2676 908 2735 Cs.
925 2677 984 2735 Eu-

220 2765 347 2824 stertunt
363 2765 467 2841 Odyss.
479 2785 509 2842 p.
525 2787 611 2837 1720,
621 2767 658 2823 38
673 2786 678 2821 :
693 2766 785 2823 Καίτοι
798 2763 986 2842 Ἀριστοτέλους

221 2852 335 2917 εἰπόντος
357 2851 433 2926 μόνον
453 2851 548 2930 σκάρον
563 2853 718 2931 φθέγγεσθαι
736 2853 781 2908 καί
795 2851 838 2907 τὸν
857 2851 984 2927 ποτάμιον

218 2942 315 3018 χοῖρον.

259 3053 271 3076 ι
289 3026 366 3084 lnter
387 3027 478 3103 pisces
500 3026 661 3083 Aristotelis
688 3025 801 3082 vocales
824 3024 885 3102 (Ν,
904 3045 934 3100 9,
959 3027 986 3102 3)

220 3115 250 3171 lri
278 3115 337 3172 duo
358 3133 416 3171 non
441 3125 636 3170 memorantur
658 3132 751 3188 neque
778 3113 908 3170 meminit
934 3115 984 3190 qui

220 3198 250 3256 in
283 3198 364 3256 illum
388 3199 482 3256 locum
507 3211 714 3258 commentatus
740 3211 783 3258 est
812 3198 859 3259 Jo.
883 3200 987 3258 llliiller

218 3289 300 3365 triber
307 3290 355 3342 die
368 3286 396 3345 F
395 3287 468 3342 iscire
483 3288 586 3342 welche
602 3290 675 3346 Tunc
683 3307 739 3344 uon
750 3288 809 3342 siclt
819 3291 920 3361 geben,
935 3297 986 3346 Ar·

216 3377 275 3430 clriv
287 3373 343 3445 sr'r'r
355 3379 505 3432 Anotomr'e
518 3378 577 3431 und
589 3377 710 3448 Phyrr'ol.
739 3377 824 3447 1857,
848 3396 878 3452 p.
894 3385 952 3452 249
963 3377 983 3453 l.

219 3461 341 3537 Reliqua
358 3461 448 3536 igitur
466 3463 609 3521 vocalium
629 3463 781 3540 exempla,
817 3463 891 3522 sicut
915 3465 984 3524 alibi

220 3549 323 3605 lbctrrm
337 3566 398 3606 esse
412 3549 554 3621 vidimus,
576 3551 683 3608 omissa
697 3551 842 3608 crederem
858 3571 875 3610 a
890 3571 985 3628 gram·

219 3636 323 3692 matico
344 3637 395 3711 qui
410 3636 487 3694 hunc
503 3637 598 3694 locum
614 3641 775 3714 excerpsit,
793 3641 985 3718 mutilumque

218 3739 281 3778 esse
300 3722 393 3779 locum
412 3741 557 3780 censerem
580 3743 644 3781 curn
666 3725 824 3802 Hippolyto
848 3727 985 3786 Salviano

218 3807 351 3884 [Aquarii.
359 3813 481 3867 Animal.
491 3813 561 3867 Hist.
573 3809 654 3868 Rom.
666 3811 752 3880 1554,
763 3814 781 3871 l.
791 3815 860 3887 208,
869 3815 915 3893 C),
927 3816 984 3873 nisi

1741 361 1796 417 tit

1031 493 1150 550 omnino
1171 489 1291 549 dubium
1315 502 1389 548 esset
1409 488 1555 565 quomodo
1571 490 1627 548 huc
1644 491 1798 548 accesserit

1028 597 1135 657 porcus
1152 577 1203 635 itte
1224 574 1373 634 fluviatilis
1394 575 1442 650 (cl.
1466 573 1624 634 Schneider
1639 579 1710 635 Hirr.
1723 584 1796 650 pise.

1029 686 1059 744 p.
1078 663 1297 737 174‚llliillerl.
1315 656 1385 739 c.'p.
1402 662 1471 737 269,
1487 661 1525 721 αι’.
1543 663 1610 738 262)
1625 681 1718 738 neque
1733 681 1797 720 cum

1031 773 1120 830 porco
1132 752 1244 809 urarino
1256 749 1347 808 Plinii
1360 747 1488 821 (ΧΧΧΙΙ,
1501 747 1530 825 9]
1542 749 1588 805 vel
1600 749 1799 824 orthagorisco

1033 850 1126 908 neque
1150 850 1214 888 cum
1239 848 1311 906 apro
1327 826 1424 904 (utin.
1446 825 1497 897 Xl,
1516 847 1582 897 112,
1601 846 1686 903 quem
1701 825 1799 906 κάπρον

1034 919 1221 988 Aristoteles,
1258 916 1310 992 qui
1336 915 1456 972 omnino
1492 933 1551 972 non
1579 912 1676 972 babet·
1693 915 1799 992 χοῖρον)

1032 1006 1152 1064 Acheloi
1167 1004 1260 1062 amnis
1288 1000 1519 1072 confundendus,
1541 1021 1665 1078 quorum
1680 1014 1801 1078 uterque

1034 1092 1202 1168 grunnitum
1223 1088 1319 1146 habet.
1336 1087 1406 1145 Nam
1429 1087 1465 1146 de
1489 1107 1549 1146 uno
1572 1100 1681 1146 tantum
1708 1089 1800 1164 pisce,

1038 1199 1095 1237 non
1108 1179 1144 1236 de
1156 1177 1311 1234 multorum
1322 1168 1464 1254 exemplis
1474 1174 1743 1234 Pseudaristutelem
1759 1175 1802 1233 di·

1034 1265 1113 1323 xisse
1126 1263 1251 1322 ostendit
1265 1263 1316 1340 qui
1336 1261 1391 1319 hoc
1410 1261 1486 1320 idem
1502 1263 1696 1322 testimonium
1708 1262 1803 1320 reddit

1033 1354 1185 1430 Oppianus
1194 1350 1318 1408 llalieut.
1329 1349 1354 1419 l,
1373 1350 1426 1415 134
1439 1369 1447 1408 ε

1097 1500 1144 1547 Καὶ
1154 1498 1249 1560 σκάρον,
1264 1497 1289 1553 ὃς
1302 1497 1331 1554 δὴ
1345 1501 1427 1556 μοῦνος
1439 1496 1463 1544 έν
1474 1495 1552 1558 ἰχθύσι
1560 1499 1633 1544 πᾶσιν
1644 1495 1751 1551 ἀναύδοις

1094 1578 1214 1639 φθέγγεται
1227 1577 1338 1638 ispalim
1352 1575 1452 1634 λαλαγήν
1463 1576 1503 1623 καί
1516 1575 1599 1634 μοῦνος
1611 1573 1691 1630 ἰδητύν

1098 1646 1198 1708 ἄψορρον
1210 1645 1318 1708 προίασιν
1329 1644 1374 1694 ἀνὰ
1387 1643 1473 1704 στόμα,
1487 1643 1591 1704 δεύτερον
1600 1641 1665 1697 αὖθις

1097 1715 1239 1774 έαινύμενος,
1250 1713 1356 1774 μόλωσιν
1369 1711 1524 1760 ἀναπτύσσων
1534 1711 1578 1759 ῐσα
1593 1712 1688 1773 ρορθήν,

1036 1831 1087 1890 ubi
1103 1833 1223 1889 alterum
1238 1830 1312 1888 illud
1323 1831 1359 1889 de
1375 1832 1571 1889 ruminatione
1587 1832 1636 1906 (cl.
1652 1831 1762 1890 Crivier
1775 1847 1804 1888 et

1038 1919 1260 1988 Valenciennes,
1282 1923 1354 1978 Hirr.
1381 1934 1441 1977 nat.
1467 1922 1515 1976 des
1532 1925 1658 1992 poissons
1680 1932 1702 1975 t.
1726 1917 1802 1989 Xll',

1036 2027 1063 2083 p,
1078 2007 1141 2081 113)
1155 2005 1319 2063 Aristotelis
1331 2019 1373 2062 est
1385 2007 1433 2082 (ll.
1445 2007 1500 2062 λιι.
1513 2005 1553 2077 ll,
1568 2027 1614 2078 ιγ,
1628 2005 1763 2082 13‚l'ltl,
1775 2027 1803 2076 2,

1037 2113 1066 2169 p.
1088 2102 1155 2169 149,
1178 2095 1231 2162 43,
1247 2093 1282 2150 de
1297 2093 1377 2150 Part.
1406 2098 1459 2152 nn.
1478 2093 1517 2163 ll,
1537 2102 1590 2164 rt,
1606 2114 1637 2170 p.
1655 2115 1728 2165 271,
1744 2093 1804 2169 54).

1038 2179 1138 2256 ltaque
1161 2180 1237 2254 μόνος
1256 2179 1404 2258 φθέγγεται,
1430 2179 1506 2256 μόνος
1535 2180 1607 2238 δοκεῖ
1633 2181 1805 2257 μηρυκάζειν,

1042 2268 1168 2344 deniqne
1194 2265 1271 2340 μόνος
1298 2266 1416 2325 καθεύδει
1442 2266 1562 2326 Seleuco
1583 2281 1701 2325 auctore
1729 2269 1805 2344 apud

1041 2355 1207 2413 tltbenaeum
1232 2353 1381 2426 ι’11,3σο,
1407 2353 1428 2411 F
1450 2354 1592 2433 (Oppian.
1618 2355 1740 2416 Halieut.
1767 2355 1805 2424 ll,

1041 2442 1119 2519 661).
1137 2442 1179 2500 lle
1194 2462 1266 2500 sono
1282 2462 1356 2501 unus
1368 2456 1517 2520 praeterea,
1532 2445 1630 2501 nescio
1646 2443 1733 2517 uude,
1749 2457 1805 2500 tes-

1040 2544 1117 2587 tatur
1127 2529 1237 2587 loann.
1250 2529 1431 2606 Philoponus
1442 2551 1472 2607 q.
1487 2531 1504 2587 l.
1517 2530 1689 2590 addicistde
1701 2532 1806 2588 Anima

1040 2616 1092 2690 (ll,
1107 2617 1124 2672 8
1136 2638 1142 2672 :
1155 2617 1189 2676 Ψ
1190 2619 1279 2694 οφρύσι
1291 2623 1343 2680 τοῖς
1359 2615 1494 2695 βραγγίοις
1505 2616 1523 2687 ἤ
1535 2639 1585 2674 τινι
1597 2618 1676 2696 ἑτέρῳ
1686 2617 1804 2694 τοιούτῳ)

1042 2703 1092 2761 lol.
1113 2705 1136 2757 L
1160 2704 1176 2759 8
1206 2722 1292 2760 uerso
1313 2721 1388 2780 sup,
1413 2703 1519 2780 quide
1541 2703 1661 2762 Acheloi
1677 2702 1808 2781 piscihus

1041 2791 1154 2847 locutus
1169 2802 1319 2866 postquam
1342 2792 1375 2866 τῇ
1391 2791 1480 2869 πληγῇ
1494 2795 1539 2848 τοῦ
1554 2789 1647 2856 ὕδατος
1671 2810 1732 2848 rem
1758 2809 1808 2848 ex·

1040 2877 1172 2954 plicavit,
1184 2876 1244 2933 lraec
1258 2877 1338 2934 addit
1356 2897 1362 2932 ι
1374 2874 1441 2934 ὥστε
1456 2879 1478 2934 εἰ
1491 2876 1536 2934 καί
1550 2880 1573 2935 σί
1586 2879 1678 2953 σκάροι
1688 2878 1808 2952 λέγονται

1040 2971 1141 3042 ρωνεῑν,
1152 2965 1182 3020 τὸ
1190 2964 1251 3022 αὐτὸ
1264 2968 1338 3021 τοῦτο
1348 2963 1392 3023 καί
1402 2966 1444 3022 ἐπ’
1456 2963 1542 3022 αὐτῶν
1551 2963 1727 3035 ὑποληπτέον.
1735 2963 1806 3033 Quae

1040 3052 1202 3109 accuratius
1217 3070 1253 3108 ex
1274 3052 1331 3109 alia
1352 3052 1551 3109 commentarii
1579 3052 1748 3110 recensione
1767 3053 1807 3109 ita

1040 3138 1144 3196 Suidas
1166 3139 1303 3215 exprimit
1319 3159 1343 3199 s.
1359 3159 1389 3200 ν,
1407 3137 1545 3214 Πνεύμων·
1561 3139 1605 3196 καί
1624 3142 1648 3197 οἱ
1663 3139 1754 3217 σκάροι
1771 3144 1807 3218 τῷ

1042 3226 1153 3302 στόματι
1161 3225 1267 3306 τὸίίδωρ
1279 3225 1427 3294 ἐξωθοῦντες
1439 3226 1506 3300 μετὰ
1520 3226 1604 3306 ῥοίζου
1615 3226 1657 3284 τὸν
1670 3216 1735 3304 ἦχον
1746 3229 1809 3284 ἀπο·

1042 3315 1168 3370 τελοῦσιν·
1184 3312 1274 3390 ἀμέλει
1288 3317 1314 3373 ίν
1328 3317 1366 3395 τῷ
1387 3314 1460 3391 βάθει
1474 3313 1544 3380 ὄντες
1559 3317 1587 3372 ού
1601 3318 1737 3395 ρωνοῧσιν.
1750 3314 1810 3392 θμ-

1019 3402 1022 3410 ’
1041 3402 1157 3480 pianum
1180 3403 1284 3478 repetit
1306 3403 1424 3462 Tzetzes
1442 3402 1472 3458 in
1496 3402 1642 3472 ilistoriis,
1656 3400 1731 3459 enit.
1744 3401 1809 3472 Vll,

1044 3489 1110 3545 338.
1127 3515 1138 3538 ν
1159 3493 1264 3546 Iturius.

1363 3675 1397 3730 19
1415 3653 1503 3732 (255).

1082 3821 1186 3878 Athen.
1203 3820 1267 3878 l'tt.
1290 3820 1358 3891 328,
1382 3821 1432 3876 D:
1455 3818 1584 3886 Χαλκίδιι
1600 3820 1645 3877 καὶ
1659 3819 1692 3878 τί
1715 3819 1809 3897 ὅμοια,

225 3931 1813 3960 --·-—--·—-—-——---·—-—--.-.-.--—....-....-

217 3997 267 4044 tam
279 3995 395 4045 clrrnnam
415 4000 533 4058 nominat,
551 4002 574 4047 et
587 3998 658 4049 tinais
671 4001 830 4062 variegatam,
844 4003 900 4064 qula
915 4005 989 4069 nigris

217 4081 286 4132 lincis
302 4084 338 4132 est
348 4082 467 4133 distincta.

585 4204 620 4250 15.

253 4309 390 4360 Αιῑσθοθοίω
404 4311 428 4358 tn
440 4309 499 4360 libro
511 4311 550 4373 qui
561 4311 697 4363 inscribitur
705 4315 802 4365 Zotcrrm
810 4315 862 4366 sira
872 4317 903 4368 da
916 4317 991 4368 Pisci-

1046 4008 1141 4070 puuctis
1164 4013 1246 4058 notata
1266 4014 1321 4060 sunt
1343 4012 1370 4057 ul
1384 4010 1490 4070 merula,
1509 4010 1548 4059 alii
1565 4009 1638 4059 variis
1660 4009 1766 4073 putretis,
1785 4013 1812 4058 ut

1042 4095 1128 4144 turdus

1408 4207 1442 4250 ίθ.

1073 4329 1213 4382 Aristotcles
1228 4329 1285 4380 dicit
1303 4329 1382 4381 solum
1401 4335 1536 4382 suammet
1555 4344 1653 4394 ροιοιιιιι
1673 4330 1810 4383 tonsum

220 4394 265 4444 bus
285 4397 307 4444 in
329 4396 402 4446 dorso
421 4400 517 4448 notatus
538 4399 670 4463 appellatur
687 4401 750 4463 box,
774 4403 871 4466 oblique
896 4407 991 4456 notatus
1048 4431 1133 4468 sonum
1148 4416 1227 4468 edere,

221 4483 303 4531 colias.

587 4610 624 4654 te.

252 4715 390 4768 Aristoteles
411 4718 435 4767 tn
451 4718 511 4769 libro
529 4719 560 4769 de
573 4721 649 4770 zoicis
669 4721 702 4770 ita
723 4721 826 4772 scribit:
846 4742 858 4765 ιι
875 4725 900 4772 tu
916 4722 992 4772 cruda

223 4801 317 4860 punctis
338 4804 451 4868 vancgatl
462 4819 476 4856 e
488 4806 592 4869 piscibus
605 4807 743 4857 melanurus
758 4811 782 4858 cl
794 4821 878 4872 sargos
895 4828 901 4858 ε
916 4808 987 4859 iidem

223 4888 303 4936 multis
315 4889 396 4952 eisquc
409 4891 482 4954 nigris
496 4894 569 4942 notati
583 4893 658 4944 lineis.
671 4915 683 4938 ν

593 5013 628 5059 17.

1417 4552 1453 4597 ts.

1073 4687 1225 4739 muscarum
1239 4687 1347 4737 meminit
1367 4688 1504 4737 nnstotelcr
1516 4685 1542 4735 io
1560 4687 1622 4737 libro
1639 4687 1670 4737 rle
1686 4685 1763 4738 Ζοίσίιι
1773 4687 1812 4736 vet

1044 4775 1162 4837 Pbctbus,
1177 4773 1219 4825 ubi
1230 4775 1263 4824 sit
1276 4796 1282 4824 :
1302 4793 1314 4818 ι
1327 4776 1418 4824 lucum
1429 4787 1478 4824 ιιοιι
1492 4777 1584 4824 mutant
1594 4775 1693 4834 tbrtssa,
1706 4772 1812 4823 morast·

1043 4863 1136 4925 drutus,
1145 4861 1275 4923 umbras,
1285 4862 1420 4923 τοικαίτοι,
1432 4862 1578 4925 embrinus,
1592 4860 1685 4912 lriclris·
1696 4881 1709 4904 ε

1074 4949 1192 5000 Tricirlaur
1211 4949 1301 5014 piscem
1321 4951 1391 5000 vocal
1410 4949 1549 5000 bnatoteles
1565 4948 1591 4998 in
1601 4947 1685 5010 quinto
1703 4945 1764 4996 libro
1782 4947 1813 4998 tle

1045 5038 1187 5089 animalium
1204 5039 1310 5101 partibus
1328 5056 1335 5087 ι
1354 5036 1429 5088 inillo
1447 5049 1505 5086 vero
1517 5035 1555 5097 qui
1568 5035 1664 5084 zotcurn
1675 5033 1812 5084 inscribitur

256 5115 393 5167 Aristoteles
408 5118 432 5168 iu
451 5119 510 5170 libro
528 5121 558 5171 rte
579 5123 675 5174 boicis:
693 5125 721 5172 Et
740 5123 786 5174 alia
803 5124 898 5188 quidem
919 5125 993 5189 nigris
1046 5125 1170 5176 trictrirtcm
1181 5125 1291 5188 appellat.

314 5215 476 5256 ARISTOTELES.
493 5221 547 5258 vol..
566 5222 599 5259 tv.

1691 5211 1719 5259 tt
