4017 5984
878 359 1090 421 rrtsrorm.
1719 368 1797 428 321..

183 498 223 577 μὴ
238 494 443 578 κατίψευοταιθ
463 493 538 571 λόγος
551 490 644 572 φησίν·
670 493 741 551 »ot
755 488 805 569 γάρ
829 488 860 549 άν
885 513 949 549 ποτι
1006 490 1077 560 Quae
1090 490 1151 568 jam
1176 502 1259 549 autea
1278 491 1311 550 in
1330 492 1433 551 eodem
1461 493 1558 553 indioe
1582 495 1641 571 (ar)
1662 515 1778 557 memo-

184 582 297 669 Ἒρμιίιρ
312 582 379 643 θιίιιν
393 584 428 647 ὥς
454 578 575 659 άθανάτιρ
594 577 798 659 προαιρούμενος
816 580 851 644 ὡς
871 579 956 648 θνητιῖο
1007 594 1108 639 rantur
1119 602 1126 637 :
1138 583 1283 657 Epistoloe,
1297 584 1363 639 ttbri
1376 587 1431 640 III
1439 601 1506 654 ,eas
1518 584 1592 642 nihil
1606 582 1655 643 hic
1664 606 1775 658 moror,

71 670 77 679 '
187 677 279 751 μνῆμα
294 666 484 736 κατισιιιιίαζον
500 664 545 725 nol
562 668 724 735 ἀθανατίζειν
745 663 794 737 τὴν
809 664 883 745 piru
899 668 958 744 βου·
1008 688 1097 746 quum
1112 687 1148 726 ex
1163 687 1262 727 errore
1276 668 1342 747 ejus
1363 670 1415 747 qui
1439 688 1533 745 graeca
1553 670 1671 731 arabice
1689 676 1779 735 vertit

185 761 295 839 λάμινος
308 756 452 837 ἐπιταφίοις
467 754 498 813 άν
512 764 601 833 τιμαῖς
614 752 759 833 ίοιάσμησοι.
776 779 789 807 ³
1010 768 1084 813 uatae
1096 774 1160 815 esse
1171 756 1339 817 videantur.
1351 756 1497 817 Habemus
1511 760 1603 835 igitur
1613 758 1673 837 jam
1689 763 1776 821 trium

226 849 271 909 α’
294 846 418 924 Βῐοῧθῃ·
446 843 543 903 hm·
569 842 604 914 vt
631 844 698 901 ὅθί
722 863 741 919 9
763 842 884 903 ²T0f¹²⁰l
903 838 957 917 lii*
1009 860 1147 917 generum
1172 844 1331 921 epistolas,
1354 863 1372 902 e
1396 843 1504 922 quibus
1528 845 1627 923 quales
1652 847 1778 925 fuerint,

185 933 352 1020 Ἀριστοτέλη
371 933 424 1012 sc.)
447 933 550 1011 πρῶτον
571 929 728 1007 Φοιάονρῑνος
748 930 775 987 ir
800 929 957 1007 παντοδαπῇ
1008 949 1080 1006 quas
1095 931 1250 1007 inquinto
1268 931 1347 990 libro
1360 950 1535 992 memorasse
1547 932 1780 997 diciturAndro-

185 1021 303 1104 Ἱστορίᾳ
317 1020 394 1097 λόγον
403 1017 467 1101 φησί
480 1016 610 1077 δικονυιθν
626 1016 691 1097 incip
703 1019 797 1078 inueni
809 1014 959 1095 συγγράψαι
1009 1021 1108 1089 nicus,
1120 1020 1191 1077 satis
1205 1019 1356 1078 commode
1373 1021 1501 1079 ostendit
1521 1021 1554 1078 A.
1567 1020 1681 1081 Gellius
1694 1023 1777 1086 Noct.

185 1115 226 1173 ln'
254 1113 321 1189 αὐτῇ
345 1106 429 1187 ταύτῃ
450 1109 483 1186 τῇ
505 1104 566 1185 δίκῃ
591 1104 637 1164 καί
665 1104 750 1183 λίγιιν
777 1106 813 1171 άνς
836 1102 958 1174 Ἀθήνησι
1009 1117 1060 1162 att.
1075 1105 1280 1183 XX,5,quum
1295 1126 1375 1167 sees
1388 1109 1454 1184 ipso
1465 1109 1521 1166 hoc
1532 1108 1690 1170 Andronici
1700 1111 1780 1171 libro

216 1226 309 1289 'own
320 1220 359 1273 Μ’
369 1222 443 1284 lim
456 1216 583 1283 γηράσασι,
596 1222 669 1267 σῦκον
680 1216 701 1267 δ’
712 1217 750 1266 ίπὶ
762 1217 837 1279 risu.

186 1322 253 1381 llaec
268 1320 307 1379 ab
318 1319 384 1379 aliis
398 1317 484 1397 quasi
498 1335 536 1375 ex
547 1316 674 1394 Epistola
688 1313 812 1391 quadam
831 1312 960 1371 reserun-

185 1424 243 1470 tur.
256 1412 294 1471 V.
308 1408 385 1467 infra
397 1405 423 1463 ir
453 1406 501 1465 15.

224 1496 410 1557 Aristotelem
420 1491 727 1552 llermiaesacrificasse
734 1488 881 1548 Lucienus
889 1506 960 1565 quo·

186 1606 243 1664 que
251 1597 350 1643 narrat
355 1582 485 1641 Eunuch.
495 1600 521 1641 c.
532 1599 567 1657 9:
576 1577 611 1639 Ὅ
621 1576 830 1657 ’λριστοτίλης...
839 1576 874 1641 είς
885 1578 961 1652 θπιρ-

186 1672 266 1745 άολὴν
289 1670 425 1748 θαυμάσας
435 1668 564 1747 Ἑρμείαν
586 1668 631 1727 τὸν
653 1667 776 1743 εὐνοῦχον
798 1663 843 1723 τὸν
862 1664 893 1721 lx
912 1666 960 1733 τῆς
1059 1716 1066 1730 ,

185 1759 327 1840 Ἀταρνίως
346 1756 470 1834 τύραννον
487 1755 550 1835 άγρι
565 1760 610 1814 τοῦ
635 1752 681 1811 κοιλ
707 1752 775 1811 θύειν
797 1752 867 1829 αὐτῷ
890 1749 959 1809 κατά

185 1845 268 1907 nort
295 1847 347 1912 τοῖς
368 1846 444 1911 θεοῖς.
464 1844 522 1902 Alii
546 1840 583 1900 ab
605 1862 641 1901 eo
665 1840 836 1918 Pythiadem
854 1836 958 1897 iisdem

186 1936 278 1996 sacris
297 1934 403 1992 cultam
421 1950 483 1991 esse
497 1929 667 2009 perhibent,
682 1949 748 2007 quae
770 1928 891 1986 Athenis
906 1924 959 1983 Ce-

186 2024 245 2082 reri
258 2021 412 2081 Eleusiniae
421 2019 519 2077 ollerri
535 2017 685 2089 solebant,
700 2016 867 2096 Aristippus
882 2012 958 2091 apud

187 2111 275 2187 Diog.
291 2110 388 2169 laert.
400 2107 436 2181 V,
452 2116 467 2175 t,
484 2120 512 2165 et
526 2126 563 2165 ex
577 2104 694 2183 Lycone
709 2103 868 2163 Aristocles
882 2100 959 2179 apud

186 2198 293 2259 Euseb.
305 2198 433 2275 Prepar.
449 2214 549 2271 evang.
564 2193 623 2265 XV,
635 2214 666 2266 υ,
681 2213 712 2272 p.
729 2213 798 2269 792,
814 2194 850 2252 B.

426 2328 474 2391 lV.
501 2328 719 2391 ΕΠΙΣΤΟΛΑΙ.

227 2472 392 2533 Aristotelis
417 2471 556 2550 Epistolae
582 2490 651 2529 num
671 2474 803 2546 genuinae
828 2469 958 2547 quaedam

188 2562 297 2621 Aterint
310 2562 426 2632 nescio;
441 2560 691 2637 supposititiarum
709 2578 781 2617 vero
796 2559 960 2616 innumera-

187 2649 277 2707 bilem
302 2642 626 2725 paenelmult'itudinem
645 2647 789 2703 exstitisse
813 2664 868 2723 pro
882 2658 960 2702 certo

189 2734 338 2794 affirmare
350 2734 428 2793 licet.
443 2732 514 2802 Quae
528 2744 622 2789 autem
642 2750 731 2808 quum
754 2750 807 2789 nec
829 2729 960 2807 ejusdem

189 2823 303 2901 generis
317 2840 371 2880 nec
386 2818 486 2878 eodem
503 2832 632 2899 tempore
646 2819 815 2897 compositae
827 2819 901 2890 sint,
916 2838 961 2877 se-

191 2912 261 2971 dulo
277 2908 481 2985 distinguenda
495 2920 562 2965 sunt
576 2907 658 2964 varia
676 2905 712 2964 de
733 2907 770 2965 iis
785 2906 959 2965 testimonia.

190 2999 326 3060 Proxime
351 2997 388 3055 ad
413 2997 507 3074 ipsius
532 2995 701 3073 philosophi
722 3008 830 3053 aetutem
853 2994 962 3053 accedit

190 3108 288 3147 earum
304 3086 413 3145 mentio
428 3086 459 3142 in
475 3084 614 3161 Diogenis
630 3083 737 3141 Laertii
758 3083 854 3143 indite
870 3083 961 3159 lacta,

190 3178 226 3237 de
240 3177 325 3255 cujus
341 3174 555 3235 auctoritatem
577 3172 632 3230 hac
649 3191 681 3230 re
696 3192 756 3229 non
771 3185 814 3230 est
836 3191 890 3231 cur
904 3171 961 3230 du-

189 3264 324 3324 bitemus.
343 3262 540 3321 llecensentur
556 3270 649 3317 nutem
671 3260 727 3316 hoc
741 3260 844 3317 ordine
859 3280 866 3317 ι
883 3257 962 3317 Ἐπι-

191 3350 282 3412 στολαλ
303 3351 368 3429 πρὸς
391 3348 540 3409 Φίλιππον.
558 3344 735 3425 Σηλυμὸρίων
756 3343 903 3405 ἐπιστολαί.
922 3346 961 3423 (1)

191 3437 261 3519 Πρὸς
275 3437 441 3515 Ἀλέξανδρον
456 3434 592 3495 ἐπιστολαί
607 3432 640 3495 δ’.
656 3434 725 3515 Πρὸς
740 3433 909 3513 Ἀντίπατρον
926 3431 961 3492 θ’.

192 3525 263 3603 Πρὸς
283 3522 404 3602 Μίντορα
419 3519 455 3583 α’.
474 3522 545 3601 Πρὸς
559 3520 761 3600 Θεμισταγόραν
775 3520 810 3579 α’.
826 3520 897 3599 Πρὸς
910 3520 963 3579 Φι-

193 3612 294 3680 λάξινον
318 3609 355 3671 α’.
383 3610 455 3688 llpit
481 3607 645 3687 Δημόκριτον
671 3610 707 3665 α’.
731 3610 854 3667 Brevltts
886 3607 963 3687 apud

194 3703 380 3775 Anonymum
396 3695 552 3756 Ἐπιστολαὶ
572 3694 609 3768 α’,
627 3696 679 3754 ubi
703 3697 734 3755 in
758 3695 872 3755 numeri
896 3708 965 3753 nota

193 3787 298 3845 vitium
308 3786 393 3857 latet,
408 3784 499 3843 altero
512 3784 632 3842 lortasse
640 3797 707 3861 post
717 3784 742 3841 α’
754 3784 836 3859 signo
846 3784 964 3845 omisso.

194 3872 279 3943 Quod
293 3873 318 3931 si
333 3890 435 3933 verum
450 3884 511 3945 est,
525 3870 602 3928 idem
614 3888 698 3928 error
710 3870 742 3927 in
753 3870 901 3928 Ptolentaei
919 3872 965 3929 in·

196 3960 261 4019 dice
276 3960 446 4019 commissus
460 3972 517 4031 est,
532 3958 600 4035 qui,
613 3970 766 4036 postquam
778 3956 855 4015 hunc
869 3960 966 4035 posuit

196 4048 312 4107 titulum
324 4050 494 4106 :Aristotelis
508 4050 648 4123 Epistoloe,
665 4068 735 4123 quas
751 4054 779 4103 in
796 4051 878 4105 VIII
886 4050 967 4105 libros

196 4139 310 4193 eontulit
329 4141 443 4205 Aretar,
463 4135 504 4193 ite
520 4133 634 4212 pergit:
646 4136 780 4210 Epistola
799 4138 879 4205 aIt'oe,
898 4154 968 4211 quas

196 4228 229 4283 X
228 4228 260 4281 λ’
272 4226 350 4279 libris
362 4226 537 4279 Andronicus
551 4228 672 4295 invenit,
685 4235 795 4298 praeter
806 4224 872 4279 illas
877 4266 888 4292 ,
903 4242 968 4298 quoe

199 4321 228 4369 in
249 4314 318 4368 lidro
339 4314 364 4366 V
378 4314 533 4367 Andronici
549 4312 586 4366 cle
610 4313 766 4367 Aristotelis
785 4316 894 4389 scriptis
906 4328 967 4366 rne-

199 4414 349 4469 morantur,
369 4400 449 4470 sive,
464 4410 495 4456 ut
509 4398 719 4456 haecaCasirio
729 4416 864 4476 expressa
880 4409 966 4459 sunt:

1008 1193 1247 1252 notissimasillas
1256 1194 1781 1273 AlexandrietAristotelislitterasde

1008 1278 1150 1339 librorum
1171 1282 1355 1357 quorundam
1372 1282 1612 1342 Aristoteleorum
1635 1285 1781 1359 editione,

1008 1380 1144 1445 utrasque
1163 1381 1260 1446 aperte
1276 1368 1332 1427 lide
1341 1368 1510 1441 destitutas,
1521 1372 1679 1449 sumpsisse
1698 1386 1784 1431 teste·

1008 1456 1531 1516 tur.Dealteraautemcollectioneab
1540 1462 1777 1534 Aretainstituta‚

993 1594 994 1599 ,
1010 1542 1095 1618 plura
1102 1542 1164 1619 jam
1179 1543 1277 1602 dicere
1288 1563 1457 1621 possumus,
1469 1545 1629 1605 dummodo
1648 1546 1724 1605 idem
1740 1550 1779 1607 sit

1010 1629 1060 1686 ille
1071 1631 1174 1689 Aretas
1186 1644 1273 1708 atque
1285 1650 1372 1709 quem
1382 1632 1567 1691 Artemonem
1580 1646 1684 1692 vocant
1693 1635 1781 1710 graeci

1010 1730 1173 1793 scriptores.
1190 1718 1260 1787 Quae
1276 1719 1412 1777 conlusio
1429 1738 1464 1779 eo
1482 1722 1591 1780 certior
1611 1720 1785 1799 apparebit,

1010 1801 1089 1879 quod
1098 1822 1135 1860 ne
1148 1822 1272 1878 graecum
1288 1804 1405 1881 quidem
1416 1818 1461 1864 est
1469 1806 1543 1867 illud
1553 1826 1659 1867 nomen
1670 1813 1781 1881 Aretes,

1011 1888 1061 1947 sed
1067 1888 1214 1948 arabicum
1221 1890 1259 1948 cf.
1267 1890 1447 1970 ll.Stephan.
1454 1891 1597 1953 Thesaur.
1607 1912 1631 1952 s.
1638 1912 1680 1963 ν.,
1691 1893 1787 1952 leuior

1011 1989 1107 2035 autem
1119 1978 1270 2036 videbitur
1281 1978 1338 2053 iis,
1351 1979 1404 2056 qui
1425 1980 1567 2038 memoria
1590 1992 1705 2051 tenent,
1718 1980 1789 2037 Em-

1011 2063 1141 2141 pedoclis
1158 2084 1281 2135 nomen,
1293 2064 1473 2124 arabicarum
1487 2069 1651 2125 versionem
1663 2086 1735 2144 ope,
1751 2069 1786 2127 in

1011 2151 1786 2231 Abmcolisnbiisselr).0mnemtamendubitationem

1012 2238 1110 2297 dehac
1120 2259 1152 2297 re
1163 2240 1306 2298 sublatam
1316 2259 1379 2299 esse
1388 2252 1459 2319 puto
1469 2238 1591 2299 Davidis
1601 2241 1786 2314 testimonio,

1013 2326 1064 2403 qui
1087 2326 1210 2385 eundem
1231 2327 1317 2404 plane
1334 2327 1479 2386 librorum
1493 2347 1647 2387 numerum
1662 2328 1787 2403 indicat,

1015 2414 1048 2471 itt
1067 2413 1188 2472 Aristot.
1202 2413 1301 2491 Categ.
1313 2433 1345 2493 p.
1367 2424 1416 2489 υίγ,
1429 2418 1465 2487 A,
1488 2416 1526 2473 26
1550 2435 1558 2474 ε
1579 2413 1736 2475 Ἐπιστολαί
1749 2461 1787 2480 ...

1014 2499 1044 2565 ἃς
1067 2502 1093 2558 ἐν
1117 2503 1187 2559 ὀκτὼ
1214 2500 1314 2579 βίὸλοις
1337 2501 1482 2579 συνήγαγεν
1499 2500 1632 2580 Ἀρτέμων
1657 2524 1696 2569 τις
1718 2501 1787 2579 μετὰ

1014 2584 1179 2663 Ἀριστοτελη
1193 2587 1340 2663 γενόμενος.
1357 2588 1465 2646 Ultima
1479 2591 1550 2647 satis
1564 2588 1692 2649 absurda
1705 2591 1789 2650 vide-

1014 2685 1126 2743 rentur,
1152 2673 1210 2731 nisi
1244 2675 1386 2752 suspicari
1407 2675 1539 2754 (liceret,
1568 2674 1606 2733 ab
1639 2695 1674 2734 eo
1702 2697 1789 2755 quem

1015 2760 1172 2837 exscripsit
1192 2761 1306 2831 David,
1328 2760 1458 2820 additum
1490 2760 1579 2819 luisse
1605 2775 1676 2839 quot
1703 2765 1790 2823 annis

1015 2860 1081 2925 post
1091 2847 1277 2905 Aristotelem
1289 2847 1397 2905 vixerit
1406 2848 1458 2907 ille
1466 2849 1617 2907 Artemon.
1628 2848 1687 2907 Nec
1696 2851 1791 2926 magis

1014 2933 1152 3011 explicite
1176 2933 1212 2991 de
1234 2954 1270 2991 eo
1299 2933 1592 2992 Pseudo-Demetrius
1615 2935 1652 2993 de
1674 2935 1788 2996 Elocut.

1015 3022 1032 3097 §
1048 3022 1104 3078 233
1119 3018 1272 3098 εἈρτίμιον
1286 3062 1320 3083 ...
1335 3019 1407 3088 θεὸς
1416 3017 1614 3099 Ἀριστοτίλους
1628 3020 1789 3089 Ἐπιστολάς

1018 3108 1181 3188 ἀναγράψας.
1199 3108 1279 3166 lnter
1292 3108 1391 3167 varios
1403 3108 1493 3186 hujus
1513 3108 1642 3168 nominis
1664 3110 1788 3189 scripto·

1016 3214 1081 3267 res,
1096 3196 1194 3254 nullus
1217 3209 1260 3254 est
1282 3195 1319 3254 de
1338 3215 1398 3273 quo
1419 3196 1516 3275 aptius
1529 3195 1683 3273 cogitetur,
1701 3218 1787 3275 quam

1016 3284 1053 3343 de
1075 3286 1248 3355 Artemone,
1272 3282 1429 3341 Casandria
1454 3282 1486 3342 in
1510 3281 1680 3341 Macedonia
1704 3298 1787 3357 orto,

1016 3371 1102 3449 cujus
1117 3372 1208 3431 libros
1219 3370 1279 3449 πιρλ
1298 3372 1459 3451 Συναγωγῆς
1473 3369 1582 3450 βιθλίονν
1598 3383 1627 3429 et
1640 3370 1700 3448 περὶ
1714 3372 1790 3448 Apri·

1017 3480 1083 3526 οιοις
1103 3457 1227 3537 βιὸλίιον,
1241 3456 1338 3515 laudat
1350 3458 1507 3517 Athenaeus
1520 3456 1632 3536 xttpp.
1647 3458 1717 3531 515,
1730 3458 1791 3517 Eet

1015 3546 1076 3619 XV,
1090 3568 1121 3625 p.
1136 3548 1211 3623 694,
1222 3545 1259 3604 A.
1273 3544 1319 3602 Cs.
1332 3544 1366 3602 C.
1383 3544 1498 3617 lliiller,
1516 3544 1630 3621 Fragm.
1649 3545 1724 3605 llist.
1743 3566 1789 3622 gr.

1018 3647 1039 3695 t.
1055 3632 1104 3704 tt,
1113 3653 1144 3711 p.
1157 3634 1214 3699 ito
1226 3650 1290 3707 sqq.
1298 3629 1398 3709 Neque
1407 3631 1501 3690 solum
1514 3631 1666 3706 collegisse
1676 3632 1793 3691 videtur

1017 3720 1183 3780 Aristotelis
1194 3718 1345 3796 epistolas,
1364 3718 1415 3777 sed
1428 3731 1458 3777 et
1471 3722 1631 3777 accuratius
1641 3718 1677 3775 de
1687 3738 1792 3794 genere

1018 3829 1079 3889 quo
1093 3810 1203 3886 scripta
1216 3819 1299 3865 erunt
1312 3806 1486 3885 disputasse,
1504 3806 1546 3863 ita
1568 3818 1600 3863 ut
1620 3826 1680 3863 non
1694 3807 1791 3865 minus

1018 3895 1056 3954 ad
1069 3896 1147 3953 hunc
1157 3893 1307 3953 referenda
1315 3894 1374 3952 sint
1386 3892 1470 3972 quasi
1486 3891 1523 3950 ad
1538 3913 1718 3952 communem
1731 3893 1793 3976 lon·

1019 3995 1095 4056 tem,
1113 4000 1294 4060 quaecunque
1305 3980 1363 4039 huc
1372 3992 1513 4059 spectant,
1528 3980 1605 4056 apud
1622 3980 1789 4059 philosophi

1019 4072 1205 4148 interpretes,
1230 4088 1316 4146 quam
1342 4067 1420 4147 apud
1451 4081 1599 4126 auctorem
1630 4067 1724 4125 libelli
1754 4069 1791 4126 de

1020 4156 1200 4215 Elocutione.
1220 4154 1338 4234 Optime
1354 4156 1412 4215 hoo
1429 4156 1586 4214 ostendunt
1606 4154 1792 4213 Pseudo-De-

1021 4245 1118 4303 metrii
1140 4242 1231 4303 verba
1253 4245 1272 4321 S
1296 4246 1354 4303 233
1384 4262 1393 4304 τ
1419 4242 1552 4320 Ἀρτάμονν
1573 4239 1619 4317 μίν
1641 4232 1685 4299 oio
1706 4246 1721 4299 ὁ
1746 4240 1793 4309 τὰς

1020 4330 1212 4413 Ἀριστοτίλους
1226 4330 1379 4412 ἀναγράψας
1392 4328 1551 4396 Ἐπιστολάς
1561 4351 1639 4410 φησιν
1646 4327 1702 4401 ,ὅτι
1715 4330 1754 4387 δεῖ
1766 4332 1792 4388 ἐν

1021 4422 1061 4499 τῷ
1076 4422 1148 4499 αὐτῷ
1166 4419 1256 4499 τρόπῳ
1273 4416 1393 4497 διάλογάν
1408 4442 1437 4477 τε
1457 4418 1566 4499 γράφειν
1580 4417 1626 4475 καὶ
1639 4416 1793 4483 ἐπιστολάς·

199 4492 275 4545 Adice
288 4490 440 4564 Epistoloe,
459 4480 524 4543 ¹Ir'hri
536 4488 570 4542 X
569 4488 601 4541 Χ
602 4528 610 4555 ,
627 4494 760 4542 recensuit
777 4489 965 4554 Andronicus,
1023 4499 1089 4567 “pm
1100 4505 1152 4587 γὰρ
1162 4506 1211 4578 τὴν
1224 4506 1362 4579 mmm
1378 4497 1429 4566 οἷον
1441 4506 1470 4565 τγ
1481 4506 1567 4585 γῆρυν
1582 4504 1660 4583 'Apo‘
1675 4509 1721 4563 τοῦ
1736 4507 1794 4562 δια,

197 4590 303 4653 P'oeae'
312 4580 395 4644 ’Μ’
409 4596 473 4679 Ψ
487 4580 515 4630 '7²
531 4576 640 4678 ⁵,me
649 4578 802 4676 Andrium
813 4594 969 4675 mem·
1022 4596 1114 4677 λόγου,
1129 4616 1195 4655 cum
1215 4596 1255 4655 iis
1276 4616 1341 4673 quae
1361 4594 1438 4674 apud
1461 4595 1641 4674 Simplicium
1659 4595 1794 4667 leguntur

202 4677 246 4720 tur
265 4684 275 4718 .·
297 4666 342 4719 ubi
361 4678 389 4719 et
409 4665 564 4719 Austotelrs
586 4660 715 4717 librorum
738 4664 824 4716 ruder
842 4672 969 4718 occurrit.
1024 4685 1145 4755 coum,
1158 4688 1190 4742 in
1204 4684 1323 4742 prim·
1338 4682 1437 4757 (meg.
1452 4702 1483 4759 p·
1501 4703 1550 4754 27,
1562 4684 1598 4751 Α,
1615 4683 1651 4749 43
1665 4679 1791 4737 Brund&

1025 4774 1066 4834 Τὸ
1084 4772 1113 4831 dl
1132 4770 1258 4830 δύνασθαι
1272 4775 1362 4852 rapui<
1386 4772 1467 4829 εἰπεῖν
1490 4771 1564 4841 δηλοῖ
1586 4768 1700 4845 μάλιστα
1713 4770 1728 4823 ὁ
1741 4770 1792 4825 τῶν

230 4869 971 4932 ttict.1ternosth.decoronarent,eettoubllegltutinlop·
1024 4858 1170 4917 ίπιστολῶν
1185 4858 1264 4916 αὐτοῦ
1277 4856 1434 4937 χαρακτήρ,
1447 4856 1491 4914 τὸν
1507 4854 1556 4911 drd
1572 4860 1662 4933 χεῖρας
1673 4852 1791 4927 διάλογον

202 4932 971 5019 introiereuntzetopdprswtesteph.litonutueturlorrnau
1026 4944 1075 5021 (cf.
1089 4944 1126 5005 fl·
1141 4943 1239 5023 steph·
1251 4944 1339 5005 Thes·
1354 4958 1376 5003 ρ,
1388 4942 1465 5015 vlu9
1482 4962 1512 5019 p·
1531 4940 1616 5016 1395,
1630 4940 1677 5014 (ζ),
1692 4938 1717 5004 ὃς
1732 4941 1793 4997 tm.

203 5003 364 5067 Σηλνθριανος.
371 5002 467 5059 θοτίρίιν
475 5008 541 5051 eram
549 5006 647 5053 tortasse
655 5004 757 5059 epistole
767 5004 842 5051 illlum
850 5008 972 5053 occutom

203 5081 261 5127 quas
271 5072 344 5127 tangtt
353 5072 619 5123 Pseudo-uemorthenes
634 5077 658 5121 tn
673 5074 737 5119 Orat.
749 5074 777 5119 de
790 5075 933 5123 Rhodiorum
944 5078 971 5123 tt-

203 5130 382 5189 brunes-1⁹⁸.
395 5139 425 5179 tt·
1053 5141 1082 5194 ιη
1091 5138 1127 5187 ct.
1137 5140 1228 5195 παρετ,
1241 5139 1355 5183 Lectiones
1366 5135 1591 5192 Atntptaroptnnae,
1605 5146 1627 5191 ρ.
1638 5141 1663 5179 ιι
1676 5138 1724 5181 οοι.

296 5224 463 5265 rarsrorurs.
480 5228 536 5267 vor.
553 5232 586 5269 rr.
1688 5220 1714 5265 at

1404 5299 1414 5334 Ι
