4017 5984
198 456 257 513 tut
748 454 992 517 ARISTOTELIS
1014 458 1261 523 FRAGMENTA.

201 586 248 653 ria
263 584 355 664 σοφίαι
373 585 471 654 latirus
492 584 598 653 τοιαύτη
617 606 670 657 τοι,
689 588 725 649 ὡς
745 583 839 661 ἔοικεν,
853 582 910 643 ἰδία
924 586 970 645 καί
1026 599 1097 653 clem
1104 598 1716 673 Corinthium,qaadrirememAristoteles
1728 612 1800 670 Ca-

199 669 325 749 iti-upa,
343 668 384 749 οἵ(
398 669 694 749 χρησάμῑίθςἩῦίῡδθς
706 672 839 749 aiioxtpo
853 671 969 749 pitter«
1026 687 1230 760 ihaginienses,
1245 695 1466 763 quinqueremem
1487 694 1659 770 Mnesigiton
1673 702 1804 760 Salami-

197 756 257 837 ntpl
274 754 321 823 tlt
334 758 361 814 lt
382 764 435 823 τοῖς
453 752 561 836 ”Epion
583 755 769 835 γνωμολογίας·
794 757 849 817 Kal
863 758 927 834 pias
939 781 970 837 γῑ
1025 782 1097 846 nios,
1108 796 1160 832 sea·
1168 780 1295 833 ordinum
1306 780 1647 854 XenagornsSyracusios
1667 786 1706 845 αθ
1715 795 1808 849 caari

197 844 294 903 τούτων
308 842 407 915 ἓκιίνην
422 844 527 923 λέγουσι
546 843 662 912 Πιτθέως
676 834 754 917 εἶναι,
1647 830 1655 859 ’

257 967 346 1023 Μισθὸς
360 966 380 1015 θ’
394 966 457 1031 θνθρί
471 968 529 1029 φίλῳ
540 967 657 1031 ιίρημὲνος
667 967 744 1031 ἄρκιος
754 968 816 1017 ἔστω
827 970 860 1029 (ν.
871 968 935 1029 sto).

160 1090 164 1099 '
196 1078 970 1169 Τοῦτομὲνσθνκαὶῖθριστστὲληςὑφιλόσοροςεἴρηκεν.

237 1172 302 1232 liaec
316 1186 344 1231 et
356 1174 425 1231 alibi
444 1192 530 1251 qnam
549 1175 580 1231 in
593 1193 681 1253 opere
695 1175 732 1233 de
748 1174 972 1253 llebnspublicis

195 1261 232 1318 ab
245 1262 401 1320 Aristotele
414 1262 472 1319 dici
494 1264 623 1341 potuisse
636 1274 730 1339 patet3
747 1263 860 1320 mallem
878 1276 972 1321 tamen

195 1347 231 1405 ad
245 1346 393 1423 dialogum
413 1348 473 1425 περ)
483 1348 645 1427 Φιλοσοφίας
661 1351 783 1421 referre,
800 1370 898 1427 qnam,
915 1362 973 1408 uta

194 1435 344 1493 Welcltero
360 1437 534 1507 factumest,
552 1440 609 1493 Der
619 1439 729 1512 epische
747 1438 856 1511 Cyhim,
873 1457 903 1514 p.
917 1448 967 1516 49,

194 1522 230 1581 ad
243 1522 389 1599 dialogum
408 1524 444 1581 de
458 1523 565 1583 Poetis.

499 1651 670 1712 mutiunt.

491 1805 547 1843 aar
580 1786 671 1863 (594).

232 1917 363 1977 Clemens
380 1918 565 1979 Alexandria.
590 1918 737 1977 Siromatt.
755 1922 779 1993 Ι,
791 1942 821 1999 p.
842 1928 908 1993 ι44,
928 1922 962 1978 15

191 2004 274 2082 sylb.
290 2026 297 2062 ι
315 2002 472 2077 Ἐξήκεστός
486 2028 513 2063 τε
527 2002 669 2065 idonius
680 2003 803 2086 τύραννος
813 2006 859 2068 ito
870 2008 965 2066 δακτυ-

191 2092 261 2160 λίους
272 2096 356 2174 φορῶν
371 2090 603 2172 γεγοητευμένηυς,
619 2096 656 2171 τῷ
667 2091 743 2172 (κόρῳ
754 2096 791 2173 τῷ
805 2093 869 2174 πρὸς
883 2094 965 2165 itii·

191 2181 409 2259 λσυςθιησθσίνεσο
424 2180 483 2245 τοὺς
494 2178 599 2260 καιροὺς
613 2182 665 2236 τῶν
678 2181 807 2259 πράξειαν.
826 2180 965 2240 Ἀπέθανον

192 2270 214 2323 δ’
227 2265 298 2343 ὅμως
307 2264 485 2345 δολοφονηθείς
497 2266 582 2324 καίτοι
593 2266 809 2345 προσημήναντος
818 2271 864 2325 τοῦ
874 2267 966 2348 ψόρον,

190 2352 225 2421 ὥς
239 2376 317 2432 φησιν
331 2350 570 2431 Ἀριστοτέλης
583 2354 608 2409 ἐν
624 2357 657 2429 τῇ
673 2351 792 2412 Φωκίων
809 2352 944 2436 Πολιτείᾳ.

231 2439 432 2516 Fragmentum
448 2440 601 2497 manifesto
619 2440 751 2517 spurium
763 2442 888 2519 atqueiu
901 2444 965 2501 Ari·

191 2526 321 2587 stotelem
340 2539 485 2584 auctorem
502 2525 577 2584 mala
592 2526 647 2583 lide
665 2527 816 2607 scriptum,
836 2543 965 2589 recentes

190 2616 280 2694 primi
296 2615 355 2673 sere
369 2627 435 2692 post
448 2614 595 2673 Christum
612 2626 710 2673 natum
725 2616 814 2675 seculi
829 2616 964 2677 Chaldai-

190 2723 295 2783 casque
316 2705 431 2781 sapiens
447 2702 684 2779 superstitiones,
700 2704 828 2765 declarat
845 2705 963 2768 Rosius.

189 2792 253 2851 Non
269 2804 364 2850 antem
379 2790 466 2849 video
477 2811 528 2849 cur
540 2790 686 2864 Clemens,
700 2792 752 2869 qui
767 2794 839 2852 alias
853 2812 913 2852 non
923 2814 967 2854 se-

189 2881 245 2940 mel
259 2900 276 2939 e
288 2877 512 2958 llebnspublicis
523 2878 682 2955 fragmenta
693 2882 838 2955 attulerit,
854 2880 903 2941 hic
915 2902 964 2942 ne·

189 2970 314 3029 cessario
326 2970 357 3027 in
373 2967 501 3026 fraudem
517 2968 652 3025 inductus
668 2969 765 3029 luerit.

416 3105 741 3183 (XAAttttoittttN.)

435 3234 438 3241 ’
494 3252 553 3289 aaa
572 3232 666 3309 (595).

227 3379 342 3439 Plinius
357 3378 431 3437 llist.
447 3390 507 3438 nat.
523 3376 584 3451 Vll,
595 3399 620 3437 s.
638 3378 673 3451 57
692 3400 699 3434 ι
715 3382 812 3451 longa
827 3396 897 3432 nare
911 3377 963 3431 Ια-

187 3488 281 3525 soncm
298 3473 418 3542 primum
442 3472 592 3540 navigasse
613 3466 849 3541 Philostephanus
867 3476 965 3519 coactor

188 3562 244 3617 cst,
260 3550 395 3619 Hegesias
404 3549 556 3617 Paralum,
571 3549 680 3604 Ctesias
697 3547 889 3614 Samiramim,
902 3548 958 3599 Ar·

190 3636 356 3691 chemachus
372 3640 544 3713 AEgoeonem.
561 3638 699 3691 Biremem
721 3637 871 3690 Damastes
890 3634 963 3703 Err-

189 3722 408 3794 thraeossecisse,
417 3728 557 3779 triremem
569 3724 741 3790 Thucydides
753 3718 839 3795 (ips)
849 3725 962 3775 Amino-

1025 866 1223 922 decemremem
1248 870 1421 941 Mnesigiton
1434 874 1629 933 Alexandrum
1642 880 1798 953 Magnum,

1026 955 1067 1008 ad
1082 956 1152 1010 XII
1162 958 1275 1012 ordines
1292 957 1531 1035 Philostephanus
1552 966 1735 1023 Ptolemaeum
1748 970 1800 1027 So·

1026 1056 1128 1113 terem,
1157 1048 1200 1101 cni
1218 1049 1372 1121 quindecim
1394 1052 1565 1109 Demetrium
1590 1061 1737 1132 Antigoni,
1758 1063 1807 1118 aa*

1027 1134 1124 1187 XXX
1141 1136 1324 1191 Ptolemoeum
1335 1136 1563 1213 Philadelphum,
1576 1145 1619 1198 ad
1634 1147 1690 1200 XL
1705 1148 1800 1205 Ptole·

1027 1240 1129 1277 nneum
1146 1223 1358 1299 Philopatorem
1378 1232 1426 1300 qui
1442 1228 1574 1304 Tryphon
1592 1240 1803 1309 cognominatus-

1025 1323 1075 1363 eil.

1066 1395 1140 1456 «ci.
1163 1396 1296 1457 Clemens
1318 1399 1474 1461 Alexandr.
1487 1400 1622 1467 Stromat.
1636 1406 1665 1474 l,
1682 1429 1712 1487 p.
1743 1412 1801 1471 132

1025 1484 1106 1563 sylb.
1131 1508 1139 1544 t
1163 1488 1340 1567 Καρχηδόνιοι
1358 1487 1386 1547 il
1399 1494 1498 1569 πρῶτοι
1512 1493 1624 1575 τετρήρη
1636 1498 1799 1558 κατασκεύα-

1025 1598 1091 1647 σαν,
1116 1577 1282 1654 ἐναυπηγησι
1304 1580 1331 1637 it
1351 1578 1433 1649 αὐτὴν
1461 1581 1596 1661 Βόσπορος
1629 1586 1799 1666 αὐτοσχέδιον

1025 1664 1178 1744 (αὐτόχθων
1199 1665 1305 1727 Euseb.
1326 1687 1363 1725 ex
1382 1666 1474 1725 Clem.
1491 1682 1519 1727 et
1539 1670 1608 1729 Exc.
1626 1672 1717 1733 Patet.
1729 1677 1750 1749 ).
1763 1674 1802 1734 ln

1024 1764 1150 1830 utroque
1166 1768 1259 1811 autem
1284 1755 1348 1813 loco
1371 1776 1427 1832 pro
1451 1758 1656 1818 Carchedoniis
1679 1761 1798 1821 Chalce-

1028 1838 1135 1899 donios
1148 1842 1355 1918 intelligendos
1369 1862 1433 1902 esse
1446 1845 1561 1904 solenni
1571 1867 1673 1906 errore
1688 1850 1801 1926 (Plinii

1023 1928 1109 1987 etiam
1128 1932 1272 2010 ternpore)
1296 1932 1443 2003 coninsos,
1466 1931 1591 2013 Bospori
1616 1956 1722 1996 nomon
1740 1936 1791 1996 ad·

1023 2032 1129 2079 monet.
1151 2025 1283 2077 »Rosius

1282 2178 1547 2257 (taatrennu.)

1330 2346 1387 2401 223
1401 2345 1493 2421 (596).

1063 2480 1169 2539 Strabo
1183 2480 1220 2553 ll,
1237 2501 1268 2558 p.
1288 2480 1345 2549 445
1363 2504 1370 2539 :
1385 2482 1426 2541 Οὐ
1441 2481 1519 2559 μόνον
1539 2480 1566 2541 δὲ
1580 2482 1686 2563 Μσίκρις
1698 2485 1798 2558 ἐκλήθη

1022 2573 1127 2641 ῆνῆσος
1137 2569 1169 2645 (ἡ
1184 2568 1281 2629 Εὗὸσια
1295 2569 1378 2646 scil.)
1398 2567 1465 2629 itti
1480 2568 1526 2628 καί
1537 2568 1667 2637 ’Abantia
1680 2572 1800 2633 Εὗὸσιαν

1022 2665 1082 2735 γοῦν
1100 2657 1179 2716 εἰπὼν
1194 2661 1208 2715 θ
1221 2656 1333 2729 ποιητὴς
1351 2655 1411 2724 τοὺς
1431 2656 1479 2716 ἀπ’
1490 2658 1571 2729 αὐτῆς
1590 2658 1703 2726 Εὗὸοίας
1723 2661 1800 2721 otii·

1022 2768 1085 2805 ποτε
1095 2744 1198 2824 ιίρηκσν
1213 2745 1271 2804 ἀλλ’
1283 2743 1414 2813 'Adustae
1424 2744 1499 2807 ici...
1520 2746 1596 2818 Φησὶ
1610 2745 1634 2805 θ’
1646 2746 1797 2829 ’Aptero-

1022 2832 1117 2905 τέλης
1139 2832 1166 2902 ἐξ
1183 2828 1264 2900 Ἄδας
1277 2837 1325 2904 τῆς
1351 2835 1480 2905 Φωκικῆς
1500 2835 1611 2915 Θρᾷκας
1637 2836 1800 2914 ὁρμηθέντας

1022 2923 1164 2994 ἐποικῆσαι
1182 2922 1230 2994 τὴν
1251 2926 1330 2993 νῆσον
1349 2922 1396 2981 καὶ
1410 2922 1575 2999 ἐπονομάσαι
1589 2920 1723 2991 ’diurnae
1737 2922 1796 2993 τοὺς

1022 3011 1130 3088 ἔχοντας
1148 3010 1238 3081 αὐτήν·
1258 3013 1281 3068 σί
1301 3010 1328 3068 δὲ
1348 3010 1401 3070 ἀπὸ
1420 3008 1506 3090 ἥρωός
1524 3033 1598 3091 ροισι,
1610 3012 1728 3092 καθάπερ
1749 3013 1797 3072 καὶ

1021 3097 1136 3157 Eleates
1151 3097 1205 3157 einh
1218 3098 1341 3177 ήρωίνης.

1064 3188 1109 3247 Ex
1121 3188 1264 3245 Strabone
1275 3186 1443 3244 Eustathins
1462 3186 1493 3243 in
1509 3184 1595 3243 lliad.
1608 3205 1636 3263 p.
1653 3185 1722 3256 281,
1742 3186 1795 3243 31.

1020 3273 1064 3335 ci.
1081 3273 1225 3333 schotti.
1245 3276 1272 3350 β,
1290 3272 1358 3341 536,
1374 3270 1498 3347 Etymol.
1515 3270 1592 3329 Gud.
1611 3292 1640 3347 p.
1655 3292 1724 3345 217,
1744 3274 1794 3329 ιθ,

1019 3361 1119 3441 Steph.
1139 3361 1209 3439 Byr.
1223 3380 1245 3417 s.
1258 3380 1288 3417 ν.
1306 3357 1434 3423 Ἀθαναία

1316 3501 1372 3561 οο4
1387 3490 1482 3570 (597).

1055 3623 1160 3684 Straho
1181 3622 1220 3693 A,
1235 3642 1267 3699 p.
1283 3629 1338 3697 447
1364 3642 1372 3681 t
1395 3622 1430 3679 At
1443 3620 1468 3678 δ’
1482 3610 1526 3679 odi
1546 3618 1636 3687 πόλεις
1655 3612 1735 3681 αὗται
1756 3624 1789 3702 (ἡ

1016 3714 1117 3779 Χαλκίς
1129 3711 1175 3771 καί
1188 3716 1206 3782 i,
1220 3709 1344 3790 Ἐρίαρια
1358 3708 1441 3787 scil.)
1453 3708 1627 3795 θιαρερόντως
1641 3709 1791 3781 αὐξηθεῖσαι

188 3823 1792 3852 ww

188 3887 313 3937 scutetuiis
332 3886 357 3935 in
386 3887 462 3947 libro,
485 3900 559 3950 quem
581 3889 662 3949 Opera
682 3884 830 3948 appellavit,
852 3882 958 3947 scriptis.

188 3977 265 4023 tinam
275 3974 362 4023 harum
374 3974 466 4024 Pitthei
475 3976 557 4025 ierunt
567 3973 642 4025 subse
651 3972 723 4034 bauo,
733 3971 847 4023 videlicet
861 3990 869 4022 s

239 4087 344 4135 sudent
356 4098 442 4133 merca
450 4097 503 4143 aaa
511 4088 647 4134 decernatur
656 4088 739 4133 amico.

188 4169 266 4228 :tique
277 4166 323 4216 boc
337 4164 480 4215 Aristoteles
491 4178 587 4228 quoque
597 4164 756 4228 philosophus
766 4164 852 4215 tradit.

463 4274 673 4359 ruocnnsiuu.

550 4428 604 4473 tat.

219 4534 349 4583 Euarestus
358 4532 519 4583 Phoceusinm
531 4535 656 4595 tyrannus,
664 4533 727 4582 duos
738 4535 835 4597 gestans
852 4532 960 4583 lumnia-

188 4625 227 4669 tos
250 4618 365 4681 anemos,
378 4618 398 4670 'e
416 4620 510 4678 sonitu,
529 4633 602 4684 quem
621 4620 699 4670 collisi
719 4620 784 4671 inter
799 4634 825 4670 se
841 4619 959 4679 edebant,

189 4706 281 4757 solebat
293 4711 403 4771 tempora
423 4720 506 4758 rerum
526 4708 687 4770 gerendarum
707 4708 883 4759 mihilominus
898 4708 960 4758 obiit

189 4794 245 4845 stolo
257 4794 412 4857 interiectus,
428 4794 542 4857 quamtis
557 4794 580 4842 id
594 4794 617 4843 ei
630 4796 816 4856 praenuntiasset
837 4798 958 4857 anirutus,

190 4886 216 4931 ut
229 4883 263 4934 alt
275 4882 416 4936 Aristoteles
426 4882 452 4932 in
462 4880 594 4945 Republica
602 4882 765 4932 Phocensinm

435 5020 729 5086 (cunemannus.)

546 5134 600 5180 223.

219 5249 311 5303 Eoboea
323 5252 402 5305 insula
411 5266 460 5304 non
468 5252 541 5303 modo
550 5252 639 5303 Macris
652 5250 827 5315 appellabatur,
835 5250 877 5302 sed
886 5251 959 5303 etlam

1016 3879 1126 3929 Abantis.
1136 3876 1256 3941 Equidem
1265 3879 1387 3925 Homerus
1395 3888 1473 3938 quum
1482 3878 1554 3924 rocet
1560 3874 1665 3927 usuam
1672 3880 1791 3933 Euboesm

1015 3978 1138 4030 nusquam
1147 3967 1200 4030 ejus
1210 3964 1301 4014 incolas
1313 3962 1464 4013 uuuoemses
1474 3964 1518 4013 sed
1531 3964 1639 4015 Abantes
1653 3966 1788 4017 uomimt..

1016 4055 1159 4105 Aristoteles
1172 4053 1234 4102 dieii
1251 4066 1282 4102 ex
1292 4052 1345 4101 Aba
1357 4050 1462 4100 Phocion
1479 4052 1601 4115 proiectos
1613 4051 1721 4103 Thraces
1736 4054 1787 4104 lie·

1014 4145 1144 4204 qnentasse
1164 4139 1283 4198 insulam,
1305 4136 1371 4186 unde
1384 4136 1469 4187 incolas
1491 4138 1544 4200 ejus
1563 4139 1669 4190 Abantes
1690 4152 1786 4190 naucu-

1014 4229 1066 4292 pati
1084 4227 1144 4277 siut.
1157 4226 1204 4275 Alii
1223 4238 1283 4274 vcro
1303 4224 1335 4273 ab
1348 4224 1424 4275 herm
1437 4240 1525 4276 nomen
1545 4228 1668 4290 accepisse
1686 4226 1784 4284 diunt,

1014 4316 1049 4367 itu
1057 4320 1086 4366 ut
1096 4315 1190 4364 Euboea
1201 4314 1233 4362 ab
1246 4312 1354 4363 heroine.

1367 4424 1421 4470 22¹⁴.

1045 4538 1090 4585 itae
1103 4535 1177 4585 urbes
1198 4532 1317 4597 (Chalcis
1329 4548 1354 4585 et
1368 4534 1489 4597 Eretria)
1510 4534 1628 4597 maiomm
1645 4534 1672 4585 in
1683 4536 1787 4586 modum

1013 4629 1094 4675 auctas
1116 4624 1222 4675 colonius
1242 4626 1317 4676 etiam
1337 4624 1547 4675 sansadoniam
1566 4624 1695 4676 miseruut.
1721 4628 1785 4678 tiam

1013 4715 1107 4765 Eretria
1118 4715 1193 4765 urbes
1209 4714 1275 4764 cirea
1289 4714 1403 4765 Pallenen
1421 4718 1445 4765 et
1457 4716 1523 4765 Atho
1540 4714 1666 4778 condidit3
1687 4718 1786 4770 Chalcis
1831 4742 1834 4745 ·

1013 4794 1120 4857 Olyntho
1139 4793 1246 4856 σισίιιιισ,
1274 4808 1337 4861 quas
1360 4794 1486 4859 Philippos
1504 4792 1604 4845 delevit.
1625 4798 1691 4854 Quia
1712 4802 1738 4849 et
1759 4799 1785 4851 in

1015 4882 1086 4933 italia
1099 4885 1124 4933 et
1135 4882 1160 4931 io
1179 4881 1261 4934 Sicilia
1279 4882 1364 4933 multe
1375 4884 1433 4933 suni
1451 4882 1649 4935 Chalcidensium
1668 4886 1783 4948 colonie,

1013 4984 1075 5035 quas
1087 4971 1207 5023 decianas
1218 4986 1274 5022 ease
1285 4972 1428 5023 Aristoteles
1439 4972 1515 5035 dieii,
1529 4988 1581 5039 quo
1593 4978 1704 5042 tempore
1719 4977 1783 5043 iiip-

1012 5058 1109 5123 pobote
1122 5058 1167 5122 qui
1174 5057 1325 5120 dicabantur,
1337 5057 1513 5123 retapnblicm
1526 5060 1643 5112 tenebant
1659 5082 1666 5113 e
1681 5061 1708 5114 bi
1719 5062 1788 5115 enim

1014 5144 1129 5197 Chaldia
1137 5145 1194 5196 lecti
1205 5145 1371 5197 amtocretiee
1382 5158 1437 5197 eam
1450 5147 1659 5201 administrabant.
