4017 5984
770 417 1014 479 ARISTOTELiS
1038 415 1286 478 FRAGMENTA.

429 627 452 686 t.
472 627 584 688 Ltssnu
605 627 789 688 SECUNDO.

550 797 579 856 5.
603 793 679 875 (ιθ.)

229 989 236 1004 .
265 951 430 1012 Macrobius
450 951 566 1012 Saturn.
581 951 618 1024 V,
637 951 685 1024 ιθ,
713 972 748 1028 ¹9
765 972 772 1008 ι
799 955 908 1010 Morem
930 971 999 1008 vero

226 1046 324 1098 AEtoiis
333 1039 428 1113 fuisse
451 1061 506 1098 uno
521 1043 713 1098 tantummodo
732 1043 807 1116 pede
828 1044 956 1097 eakeuto
971 1047 999 1096 in

225 1133 327 1186 beilum
342 1137 397 1202 ire,
417 1131 538 1187 ostendit
555 1132 731 1186 clarissimus
743 1135 863 1206 scriptor
883 1131 998 1204 Euripi·

224 1219 273 1272 des
295 1224 436 1294 tragicus,
457 1222 486 1272 in
504 1223 582 1288 cujus
604 1219 746 1290 tragoedia
769 1237 833 1292 quoe
851 1217 999 1292 Meleager

224 1304 394 1376 inscribitur,
407 1310 520 1360 nuntius
529 1307 668 1360 inducitur
676 1303 842 1370 describens,
858 1325 911 1379 quo
924 1311 999 1380 quis·

224 1413 277 1468 que
290 1396 389 1451 babitu
399 1391 493 1465 suerit
507 1413 546 1449 en
563 1394 693 1461 ducibus,
706 1399 756 1467 qui
773 1396 814 1448 ad
829 1411 929 1468 aprum
950 1413 1000 1447 ca·

218 1486 354 1556 piendum
368 1494 561 1539 conuenerant.
574 1485 610 1536 ln
621 1501 654 1537 eo
675 1483 707 1538 in·
720 1495 912 1538 versussunt:
930 1481 999 1558 (vid.

225 1571 341 1648 Frugm.
364 1571 466 1648 Eurip.
494 1570 548 1627 531
573 1567 779 1648 Wagner.i....
811 1575 841 1626 in
861 1589 917 1644 qua
936 1575 1000 1644 qui·

224 1663 369 1719 dentre...
396 1678 451 1714 non
474 1660 646 1714 reticebimus
666 1677 725 1714 rem
751 1662 929 1733 paucissimis
949 1676 999 1712 no·

225 1763 282 1806 tans
304 1767 312 1805 :
330 1749 526 1822 reprehensum
547 1749 708 1821 Euripidem
722 1749 760 1803 ab
775 1749 939 1815 Aristotele,
956 1751 1002 1820 qui

225 1841 412 1912 ignorantiam
454 1837 529 1890 istud
561 1837 707 1910 Euripidis
724 1833 821 1904 fuisse
845 1835 995 1899 contendit,

224 1927 331 1982 AEtolos
349 1930 424 1980 enim
445 1943 500 1978 non
525 1925 625 1978 berum
639 1926 744 2000 pedem
759 1921 864 1977 babere
879 1923 995 1988 nudum,

223 2013 275 2067 sed
301 2011 441 2067 destrunt.
468 2011 550 2080 Quod
574 2029 610 2065 ne
635 2007 778 2084 affirmem
803 2013 894 2083 potius
917 2027 1001 2082 qumn

222 2103 355 2174 probem,
372 2105 434 2176 ipsu
448 2099 651 2153 Aristotelis
665 2095 870 2172 ¹turbu-ponam
882 2115 919 2152 ess
934 2097 1002 2152 libro

225 2209 306 2263 quent
330 2190 367 2243 de
388 2191 481 2244 Poetis
511 2189 630 2241 secundo
653 2188 870 2260 subscripsistis
891 2203 944 2259 quo
967 2187 1003 2239 de

225 2279 362 2352 Euripide
376 2278 490 2350 loquens
503 2279 542 2329 sic
556 2279 598 2328 ait
612 2294 623 2328 .·

265 2362 334 2429 Τούς
348 2361 375 2421 δὲ
389 2360 514 2428 Θεστίους
533 2359 625 2441 κόρους
647 2360 691 2418 τὸν
712 2359 759 2435 μὲν
781 2359 916 2440 έριστερδν
933 2356 1002 2418 πόδα

227 2451 305 2532 ρησίν
314 2447 458 2530 Εὐριπίδης
468 2449 549 2507 έλθεῑν
561 2445 668 2526 ἔχοντας
676 2445 925 2523 ἀνυπόθετον·λέγει
939 2449 1001 2522 γοῦν

228 2539 281 2600 ότι·

294 2710 329 2728 ...
340 2677 367 2726 τὸ
384 2675 448 2725 λαιδν
462 2675 528 2738 ἱχνος
537 2673 599 2734 ἦσαν
608 2672 732 2734 ἀνάρθυλοι
746 2671 833 2731 ποδὸς,

290 2745 362 2798 τόνδ’
377 2747 401 2796 ἐν
415 2747 516 2802 πεδίλοις
528 2747 561 2800 ὡς
575 2742 693 2808 ἑλαρρίῑον
705 2742 762 2804 γόνυ

290 2817 366 2880 ἔχοιεν
381 2813 424 2878 [ὃς
438 2815 467 2872 δὴ
480 2819 553 2864 πᾶσιν
567 2815 679 2868 Αἰτωλοῖς
694 2811 790 2876 νόμος]·

228 2944 264 3004 dtr
274 2938 306 3009 δὴ
319 2945 372 2995 πᾶν
386 2935 534 2996 τούναντίον
545 2935 601 3004 ἔθος
610 2937 663 3004 τοῖς
676 2935 819 3004 Λύτωλοῖς·
833 2933 877 2993 τδν
892 2933 941 3011 μὲν
952 2931 1003 3012 γδρ

228 3026 364 3107 ἀριστερὸν
379 3025 563 3099 ὑποδέδενται,
580 3023 625 3084 τδν
641 3022 669 3084 δέ
687 3024 768 3093 δεξιὸν
785 3023 1002 3082 ένυποδετοῦοιν·

199 3161 203 3170 .
228 3114 267 3172 δεῖ
280 3113 344 3192 γὰρ,
360 3103 451 3188 οἶμαι,
463 3112 507 3172 τδν
522 3111 666 3190 ἡγούμενον
681 3110 751 3192 ἔχειν
765 3111 891 3190 ἐλαφρὸν,
903 3111 961 3168 ἀλλ’
973 3112 1003 3168 ού

229 3199 271 3258 τδν
287 3201 444 3277 ἐμμένοντα.

454 3367 476 3425 Ε
497 3366 610 3425 LIBRO
631 3366 784 3428 ‘futtile

555 3535 583 3596 6.
609 3532 677 3615 iti.)

271 3695 394 3771 Diogen.
412 3693 507 3753 Laert.
523 3693 569 3766 11,
587 3695 624 3764 46
642 3715 648 3750 ι
663 3691 758 3774 Τούτῳ
781 3693 833 3774 (τῷ
847 3691 1000 3772 Σωκράτει)

464 3877 483 3924 E
499 3877 593 3924 Ltetto
610 3875 763 3923 succino.

605 3999 628 4042 5.

261 4101 401 4151 Aristoteles
414 4100 439 4150 in
450 4100 556 4150 εοουιιύσ
565 4100 596 4152 de
610 4101 691 4151 Poetis
705 4099 768 4150 libro
781 4099 840 4150 dieii
858 4097 1003 4161 :Euripides

227 4191 317 4242 Thestii
327 4189 389 4240 iiiios
400 4189 495 4242 venisse
507 4191 542 4242 rit
554 4192 643 4241 isevum
657 4191 741 4254 pedem
757 4204 806 4241 nou
816 4191 947 4241 miserium
959 4188 1003 4238 trs·

231 4281 322 4330 henim.
356 4281 392 4329 ita
403 4278 467 4329 enim
478 4277 554 4330 dicit:

318 4390 406 4436 sinistri
420 4390 485 4446 pedis
492 4390 589 4446 vesunu
603 4389 670 4445 nudi,

282 4471 355 4516 silero
366 4471 463 4516 eriserit
473 4473 556 4524 erunt,
568 4473 594 4516 ut
608 4482 670 4528 genu
684 4471 896 4526 deminutiorem,

281 4549 322 4605 qni
335 4549 440 4595 omnium
455 4550 581 4596 tiioiorum
589 4561 641 4595 mos
655 4551 697 4594 esi.

231 4657 322 4706 Verum
339 4655 409 4718 piane
420 4656 553 4706 sonirrrius
564 4669 617 4706 mus
635 4655 699 4719 apud
712 4655 805 4706 AEtotos
822 4654 928 4717 obtinet;
946 4666 1003 4704 nam

230 4742 314 4806 prdem
327 4744 450 4794 sinistrum
468 4743 590 4807 osioesnt,
603 4742 717 4794 destmm
738 4741 830 4794 nudum
848 4741 1000 4806 relinquunt,

229 4845 258 4881 rc
273 4831 371 4882 omnino
391 4834 457 4894 putei
476 4831 562 4894 pedem
584 4830 727 4894 ducentem,
741 4845 789 4882 non
807 4844 865 4882 vero
883 4831 1001 4894 silerum,

229 4919 306 4970 ierem
319 4933 373 4971 esse
385 4923 504 4984 oportere.

481 5035 608 5086 ELiBRO
623 5037 747 5087 titinio,

606 5155 629 5199 d.

261 5254 361 5304 Cuneo
374 5255 485 5318 (soorde
495 5255 602 5318 scilicet)
612 5293 620 5318 ,
632 5259 659 5306 ui
671 5255 744 5306 reteri
758 5255 896 5306 Aristoteles
910 5255 935 5306 in
953 5257 999 5306 ter-

1054 546 1110 620 τὶς,
1136 547 1205 606 καθέ
1235 571 1315 630 ρησιν
1339 547 1575 630 Ἀριστοτέλης
1600 555 1628 614 ἓν
1659 555 1739 637 τρίτῳ
1770 558 1831 639 περὶ

1056 637 1217 710 Ποιητικῆς,
1235 637 1387 717 ύριλονείκει
1408 638 1556 720 Ἀντίλοχος
1579 640 1695 720 Λήμνιος
1712 645 1758 704 καί
1774 645 1830 707 Ἀν-

1054 727 1135 804 sepiis
1157 725 1392 804 bespennensium,
1415 730 1452 796 ὣς
1477 729 1620 811 Πυθαγόρη
1641 732 1737 793 Κύλων
1757 737 1829 814 Κρο-

1054 811 1184 882 τωνιάτης
1197 814 1245 892 (ci.
1257 813 1338 887 Vlil,
1352 817 1419 892 b9i·
1434 817 1479 875 καί
1491 817 1612 898 Σύαγρος
1618 818 1732 902 Ὁμήρῳ
1743 827 1829 894 ζῶντι,

1054 900 1211 961 ἀποθανόντι
1225 902 1253 962 δέ
1266 903 1418 984 Ξενοφάνης
1430 907 1445 962 θ
1460 906 1638 988 Κολοφώνιος·
1653 910 1699 970 καλ
1714 910 1830 992 Κέρκωψ

1054 987 1171 1070 Ἡσιόδῳ
1184 993 1279 1069 ζῶντι,
1293 991 1479 1063 τελευτήσαντι
1494 993 1522 1052 δέ
1543 997 1558 1052 θ
1579 999 1766 1077 προειρημένος
1778 1002 1830 1058 Ξε·

1052 1078 1178 1158 νοροίνης·
1188 1079 1234 1137 καί
1249 1078 1374 1160 Πινδάρῳ
1388 1079 1537 1157 Ἀντιμένης
1550 1085 1565 1141 θ
1579 1085 1668 1160 Kese,
1682 1086 1789 1158 Θέλητι
1802 1085 1830 1146 δὲ

1055 1165 1208 1245 Φερεκύδης
1230 1166 1277 1226 καί
1293 1168 1386 1228 Βίαντι
1401 1167 1521 1250 Σέλαρος
1538 1172 1685 1250 Πριηνεύς,
1700 1176 1830 1256 Πιττακῷ

1054 1253 1230 1330 Ἀντιμενίδας
1250 1255 1296 1313 καὶ
1310 1255 1443 1332 Ἀλκαῖος,
1458 1256 1618 1338 Ἀναξαγόρᾳ
1633 1260 1762 1330 Σωσίύιος
1783 1263 1829 1322 καὶ

1056 1341 1192 1424 Σιμωνίδῃ
1207 1342 1373 1424 Τιμοκρέων.

1094 1431 1185 1490 Μινύαι
1202 1432 1232 1490 in
1248 1432 1303 1490 hoc
1317 1432 1382 1491 ioco
1396 1447 1462 1492 ante
1478 1433 1593 1495 Cobctii
1618 1435 1776 1496 editionem
1798 1439 1829 1498 in
1892 1447 1897 1455 '

1056 1519 1224 1578 nominibus
1252 1520 1382 1598 propriis
1409 1521 1525 1581 turbata
1551 1537 1652 1600 erant,
1674 1545 1738 1602 quae
1767 1527 1831 1584 sin·

1055 1606 1124 1682 guin
1156 1609 1264 1666 referre
1297 1607 1392 1669 taedet.
1431 1609 1566 1670 Ceterum
1595 1611 1716 1670 minime
1747 1614 1829 1672 affir-

1056 1715 1134 1754 mare
1151 1697 1241 1754 veiim
1255 1695 1293 1754 nd
1307 1696 1474 1756 Aristotelis
1493 1701 1695 1760 auctoritatem
1714 1700 1753 1759 ob
1774 1703 1831 1760 alin

1056 1803 1143 1861 quam
1158 1781 1197 1840 ob
1211 1803 1246 1842 ea
1259 1803 1325 1861 quae
1338 1783 1374 1842 de
1384 1785 1501 1844 Socrate
1515 1799 1671 1847 narrantur
1685 1809 1830 1868 provoca-

1058 1883 1117 1929 tum
1130 1890 1222 1930 essen
1236 1871 1373 1952 Diogene.

1383 2068 1410 2118 7·
1433 2046 1504 2124 (15.)

1099 2212 1380 2272 Pseudo-Plutarch.
1395 2213 1438 2270 tie
1452 2213 1514 2270 vita
1528 2211 1649 2272 Homeri
1664 2234 1689 2274 c.
1706 2217 1734 2272 3.
1751 2215 1833 2291 (Piu-

1061 2299 1151 2358 tnrchi
1167 2300 1245 2378 Opp.
1270 2299 1317 2360 ed.
1334 2297 1433 2359 Diibn.
1451 2312 1472 2360 t.
1483 2299 1507 2354 V
1511 2344 1519 2372 ,
1535 2320 1566 2378 ρ.
1584 2298 1656 2377 τοι)
1672 2322 1678 2357 :
1696 2299 1833 2381 Ἀριστο·

1058 2387 1157 2458 τέλης
1178 2386 1221 2460 δέ,
1241 2388 1268 2444 ἐν
1290 2391 1328 2467 τῷ
1355 2385 1435 2467 τρίτῳ
1457 2387 1518 2466 περὶ
1543 2388 1703 2461 Ποιητικῆς,
1726 2391 1752 2447 ἔν
1767 2387 1832 2467 Ἴῳ,

1059 2475 1135 2554 φησί,
1150 2479 1182 2556 τῇ
1196 2475 1284 2556 νήσῳ,
1296 2477 1355 2534 καθ’
1366 2473 1395 2534 δν
1409 2473 1499 2554 καιρδν
1513 2475 1616 2548 Νηλεύς
1631 2480 1645 2535 θ
1663 2475 1765 2556 Κόδρου
1785 2481 1832 2549 τῆς

1059 2561 1179 2634 Ἰωνικῆς
1196 2562 1316 2629 ἀποικίας
1333 2566 1435 2640 ἡγεῖτο,
1449 2562 1528 2643 κόρην
1543 2561 1602 2621 τινδ
1614 2567 1667 2622 τῶν
1682 2563 1832 2642 ἐπιχωρίων

1060 2649 1201 2730 γινομένην
1219 2649 1270 2708 isui
1290 2673 1356 2717 τινος
1371 2647 1493 2727 δαίμονος
1516 2653 1568 2708 τῶν
1583 2656 1764 2732 συγχορευτῶν
1779 2659 1835 2718 ταῖς

1060 2736 1181 2804 Μούσαις
1200 2735 1349 2816 ἐγκύμονα,
1368 2739 1530 2797 αἰδεσθεῐσοιν
1546 2737 1575 2796 rb
1601 2738 1706 2815 συμύθν
1728 2738 1772 2798 διδ
1791 2739 1834 2797 τδν

1002 2839 1004 2844 “
1060 2825 1136 2904 ὄγκον
1150 2831 1196 2897 τῆς
1208 2827 1332 2907 γαστρός,
1347 2828 1429 2886 ἐλθεῖν
1442 2825 1478 2893 εἷς
1489 2850 1514 2885 τι
1525 2827 1621 2906 χωρίον
1631 2827 1661 2886 τδ
1674 2829 1833 2906 καλούμενον

1060 2914 1185 2992 Λύγινον·
1204 2918 1240 2982 εἰς
1260 2913 1506 2995 θκαταδραμόντας
1525 2915 1622 2995 ληστδς
1646 2916 1834 2996 θνδροιποδίσοιι

1059 3003 1106 3074 τὴν
1124 3002 1328 3084 προειρημένην,
1341 3003 1386 3062 καὶ
1404 3004 1549 3082 ἀγαγόντας
1565 3007 1601 3070 εἰς
1615 3004 1739 3084 Σμύρναν
1752 2995 1833 3064 ούοοιν

1058 3083 1109 3142 ύπδ
1119 3085 1213 3150 Λυδοῖς
1224 3084 1293 3156 τότε,
1305 3085 1342 3163 τῷ
1354 3085 1458 3162 βασιλεῖ
1471 3085 1522 3140 τῶν
1533 3084 1625 3142 Λυδῶν
1637 3083 1691 3141 όντι
1701 3083 1768 3163 φίλῳ
1774 3083 1833 3141 τού·

1060 3194 1127 3248 νομα
1142 3171 1240 3231 disten
1253 3171 1430 3250 χαρίσασθαι’
1441 3171 1483 3228 τδν
1499 3172 1526 3228 δὲ
1539 3169 1714 3247 ἀγαπήσαντα
1729 3170 1776 3241 τὴν
1788 3173 1833 3230 κό-

1059 3282 1106 3335 ρην
1120 3257 1164 3316 διδ
1178 3258 1208 3316 τδ
1222 3258 1335 3334 κᾶλλος,
1349 3260 1448 3333 γῆμαι·
1463 3257 1496 3328 ἣν
1511 3257 1694 3336 θιατρίόουσαν
1709 3259 1782 3340 παρὰ
1794 3264 1832 3339 τῷ

1029 3380 1034 3399 .
1059 3345 1172 3419 Μέλητε,
1184 3343 1228 3402 καί
1241 3345 1410 3423 συσχεθεῖοαν
1425 3343 1476 3403 inb
1487 3349 1534 3415 τῆς
1544 3345 1653 3419 ὠδῖνος,
1665 3343 1756 3423 έτυχεν
1768 3347 1832 3404 sino·

1058 3437 1155 3504 κυῆσαι
1165 3431 1207 3490 τδν
1220 3429 1343 3511 Ὅμηρον
1355 3431 1398 3490 td
1413 3434 1450 3511 τῷ
1465 3434 1589 3511 ποταμῷ.
1598 3431 1651 3494 Ὃν
1667 3432 1832 3493 ἄνσλαύὼνύ

1059 3519 1154 3581 Μαίων
1162 3523 1198 3585 ύις
1209 3517 1273 3578 ἴδιον
1284 3519 1388 3599 έτρερε,
1396 3522 1443 3589 τῆς
1456 3519 1594 3597 Κριθηίδος
1604 3520 1671 3596 μετὰ
1681 3519 1729 3591 τὴν
1740 3521 1832 3593 κύησιν

1060 3609 1153 3673 εύθέως
1166 3606 1367 3679 τελευτησάσης.
1387 3606 1488 3688 Χρόνου
1498 3606 1526 3665 δέ
1537 3610 1567 3666 ού
1577 3609 1676 3667 πολλοῦ
1691 3609 1833 3674 διελθόντος

1060 3697 1105 3756 καί
1119 3695 1196 3763 αύτδς
1216 3695 1378 3767 ἐτελεύτησε.
1400 3697 1461 3756 Τῶν
1469 3693 1506 3753 bi
1523 3697 1617 3756 Λυδῶν
1635 3699 1832 3774 καταπονουμέ·

1058 3868 1092 3918 tio
1104 3866 1136 3918 de
1148 3867 1258 3929 Poeiirn,
1273 3865 1362 3916 aemuio
1376 3866 1456 3916 studio
1464 3867 1574 3917 cedebat
1584 3869 1682 3932 qnidam
1694 3869 1833 3917 Antiioctms

1061 3955 1186 4016 ienrnius,
1192 3958 1217 4004 et
1227 3955 1347 4018 Antiphon
1355 3953 1520 4018 prodigiorum
1534 3954 1667 4019 interpres,
1680 3955 1833 4018 quenadmo-

1057 4045 1116 4094 dum
1128 4047 1153 4094 et
1165 4056 1221 4093 oum
1234 4043 1369 4106 Pythagor·
1379 4045 1455 4105 Gyion
1468 4043 1607 4093 crotoniatis
1616 4080 1623 4104 ,
1633 4043 1768 4105 virentique
1776 4055 1831 4091 eum

1058 4135 1163 4184 Homero
1178 4134 1298 4195 Syagros,
1315 4131 1365 4181 vite
1384 4131 1465 4181 iuncto
1481 4130 1638 4194 Xenophanes
1651 4129 1832 4192 Colophonius;

1057 4234 1113 4270 omn
1126 4219 1235 4270 Hesiodo
1247 4219 1343 4268 virente
1360 4220 1483 4282 (ieroops,
1494 4233 1549 4268 oum
1567 4218 1680 4268 defuneto
1699 4218 1829 4281 xenopiss·

1057 4321 1101 4358 nes
1112 4307 1189 4369 idem,
1197 4306 1267 4368 ouius
1277 4307 1350 4356 modo
1359 4307 1529 4357 meminimus:
1543 4318 1599 4356 sum
1611 4304 1715 4355 Pindaro
1729 4307 1830 4369 Amphi·

1058 4409 1140 4446 menes
1151 4397 1229 4455 cous,
1248 4407 1305 4444 eum
1322 4395 1420 4445 Thsiete
1437 4391 1602 4456 enemydes,
1615 4407 1671 4442 oum
1690 4393 1774 4444 Biante
1790 4397 1831 4444 Sa·

1057 4483 1126 4532 turus
1139 4482 1289 4542 ptionensis,
1311 4496 1367 4533 enm
1387 4483 1477 4532 Pittsoo
1497 4481 1663 4531 intimenidss
1678 4485 1703 4531 et
1719 4482 1830 4539 diensis,

1056 4586 1111 4623 cum
1122 4578 1261 4632 Αοιικιςςοιο
1272 4571 1380 4621 sosibius
1387 4573 1411 4620 ei
1419 4583 1474 4619 eum
1485 4569 1606 4619 simonide
1614 4569 1766 4619 Timocreon.

1433 4703 1456 4748 7.

1087 4821 1226 4871 Aristoteles
1245 4820 1306 4869 libro
1327 4817 1398 4867 tertio
1420 4817 1451 4865 de
1475 4817 1573 4867 Poetica
1597 4815 1677 4879 prodit
1705 4815 1728 4864 in
1752 4815 1830 4864 insuia

1059 4909 1102 4970 lu,
1116 4920 1165 4970 quo
1180 4909 1288 4969 tempore
1301 4904 1395 4954 codrus
1416 4902 1481 4952 tieiei
1501 4903 1564 4952 titius
1583 4901 1683 4952 coionire
1701 4902 1725 4951 in
1740 4901 1829 4951 ionium

1056 4993 1173 5043 durendre
1194 4991 1306 5057 praefuit,
1326 4989 1460 5054 poetisne
1479 4989 1549 5052 genio
1571 4988 1675 5054 quodum
1693 5002 1724 5039 ex
1746 5002 1829 5038 eorum

1055 5095 1174 5143 numero,
1193 5081 1235 5144 qui
1252 5094 1308 5130 οοιιι
1328 5078 1404 5128 idusis
1417 5078 1504 5128 choros
1524 5077 1630 5140 dueuut,
1651 5090 1828 5141 compressam,

1056 5183 1131 5232 quum
1144 5167 1201 5218 iusti
1213 5181 1265 5218 esm
1281 5169 1377 5230 propter
1391 5165 1589 5216 intumescentem
1605 5168 1699 5216 υίετυιιν
1714 5166 1829 5230 puderet,

1055 5255 1201 5306 mnoessisse
1218 5255 1242 5304 in
1256 5253 1377 5316 regionem
1394 5252 1513 5317 quandem
1534 5253 1630 5304 nomine
1641 5253 1760 5317 digimm.
1791 5257 1827 5308 ibi
