4017 5984
219 437 278 496 132

215 572 251 636 ὡς
263 570 306 627 ε’πι
296 567 405 645 μεῖζον
422 567 501 626 ἄλλου
517 565 622 623 ἄλλοθεν
645 563 787 632 συνιόντος·
800 556 852 623 οιον
874 588 920 623 και
910 538 985 625 Xi-

217 660 269 715 λων
283 657 389 733 λέγεται
401 676 433 711 πε
434 676 528 723 ποιηκε
521 652 581 725 ἰαι,
596 651 626 709 ὅτ
611 674 638 709 ε
654 657 749 730 συνῆγε
770 652 814 711 τὸν
829 650 907 731 ὄχλον
928 675 992 731 περι

218 746 367 819 Σαλαμῖνος
383 741 433 817 (cl.
448 740 526 799 Plnt
542 738 574 796 V.
588 739 743 798 Solonisc.
761 742 801 815 8).

256 832 361 891 Eadem
372 830 459 887 babet
472 829 537 889 cod.
549 828 659 907 lips(
651 850 681 887 m
692 850 751 906 quo
766 829 820 908 ’·λρ
822 829 966 902 storiis(
957 850 988 888 sn

215 918 434 997 capitescholii
426 918 596 993 inscriptum
606 928 658 988 est,
667 940 695 996 p.
706 918 753 994 95,
769 921 805 975 αδ
814 920 859 975 ed.
871 918 986 977 llnclnn.

215 1005 379 1064 solutionis
394 1003 432 1062 ab
449 1006 604 1063 Aristotele
624 1006 784 1083 propositae
799 1006 921 1088 vestigia
940 1026 989 1063 oc-

213 1106 333 1152 currunt
355 1093 388 1151 in
403 1093 504 1151 eodem
519 1091 631 1150 scholio
640 1113 668 1170 p.
682 1096 732 1165 6ο,
748 1094 785 1165 A,
799 1096 835 1151 23
853 1113 860 1151 ε
875 1094 926 1152 ubi
937 1114 989 1151 ιε-

214 1182 266 1239 riis
281 1180 403 1238 oliorum
418 1179 614 1238 solutionibus
627 1180 729 1252 allatis,
740 1180 801 1240 haec
814 1180 987 1240 adduntur.

214 1268 249 1326 Ol
263 1265 290 1324 δὲ
304 1267 404 1341 μᾶλλον
419 1267 587 1375 σμιτίθειται,
599 1266 669 1334 ὅπως
682 1268 867 1348 ἐπιστρέψῃ
843 1292 873 1327 το
889 1270 986 1338 πληθος

213 1354 278 1433 πρὸς
292 1353 412 1413 ἑαυτον’
397 1377 449 1412 απο
469 1359 513 1426 τῆς
530 1355 590 1432 περὶ
583 1378 652 1413 ιτου
670 1355 772 1436 φεύγειν
786 1380 913 1438 ταραχης,
925 1354 984 1415 ἐπί·

212 1464 267 1520 χωι
281 1435 326 1499 &A
338 1440 525 1517 τοῦξενισμοῦ.
540 1378 583 1498 (ii.
598 1440 640 1500 ib.
662 1462 691 1497 ν.
709 1442 850 1501 3llekk:
866 1440 980 1512 ήδιὰ
956 1465 985 1499 το

214 1528 425 1608 ἐπιστρέψειν
392 1552 425 1607 τῃ
446 1526 585 1609 παραδόξῳ
599 1527 645 1587 θία
668 1527 725 1595 τους
739 1529 859 1602 πολλούς,
872 1550 937 1607 quae
958 1542 983 1587 et

213 1617 289 1694 apud
306 1590 641 1689 Euststliiumleguntur
642 1636 671 1692 p.
693 1618 758 1691 198.

741 429 986 490 ARlSTOTELlS
1013 428 1262 491 FRAGMENTA.

1043 564 1119 642 opud
1130 564 1241 629 Villois.
1256 565 1324 677 AA
1291 562 1340 621 aeli
1353 566 1441 641 τοῦτο)
1455 557 1610 675 σῃμεῑοιήι
1614 566 1749 681 ,ὅπερ”
1714 592 1748 639 ηε
1738 573 1821 641 nani

1043 653 1166 761 ίγεγόνει,
1182 652 1229 711 καί
1243 652 1320 711 οὐκέτ
1320 644 1373 725 ’ἦν
1386 653 1483 748 ρρ6ε’
1439 676 1511 734 ,·ρον
1523 653 1621 763 ίλῃψθη
1636 646 1709 715 δί’
1678 678 1723 715 ουν
1736 656 1819 717 ἔτεσιν
1903 664 1909 679 ’

1042 742 1095 799 ἐννε
1090 742 1132 799 ἀ·
1144 764 1190 799 του
1201 739 1310 800 δεκάτου
1319 740 1371 820 γὰρ
1383 724 1480 808 ἔπαυς’
1465 764 1566 822 αρχομε
1559 744 1612 803 'rou
1628 745 1738 823 ἐγίνετο,
1748 747 1820 827 ἀριθ·

1044 837 1088 906 Ati
1106 827 1181 887 δὲτὰ
1196 828 1327 906 ὁλόκληρα
1349 828 1412 907 ἔτη,
1428 828 1496 889 ὥστε
1511 829 1615 911 συνείδει
1628 835 1709 907 ὀρθῶς
1721 838 1818 914 ὁάριθ-

1045 940 1092 995 μσς
1106 941 1158 975 των
1169 916 1398 975 ἀπολωλότων
1356 941 1401 976 και
1413 921 1464 977 τῶν
1480 920 1557 978 ἐτῶν.

1085 1004 1119 1062 ln
1140 1024 1173 1062 en
1197 1017 1278 1083 paine
1302 1003 1392 1081 hujus
1409 1006 1513 1065 scholii
1528 1027 1593 1085 quae
1615 1009 1645 1066 in
1663 1008 1820 1067 ullereudis

1046 1093 1170 1153 aliorum
1192 1092 1437 1169 explicationibus
1451 1108 1595 1161 versatur
1615 1115 1700 1173 quarn
1715 1095 1819 1155 vittoi-

1045 1173 1146 1230 senius
1159 1170 1323 1230 exscribere
1333 1172 1459 1246 noluit,'
1450 1187 1563 1244 iterum,
1585 1138 1673 1233 llosio
1689 1188 1770 1246 teste,
1784 1178 1819 1233 nd

1045 1260 1227 1319 Aristotelem
1243 1278 1316 1337 proi
1319 1273 1432 1332 ocatur,
1449 1261 1512 1321 cod.
1524 1262 1573 1319 sol.
1588 1282 1623 1319 α
1611 1298 1621 1333 ,
1636 1274 1736 1320 teuto:
1745 1260 1778 1323 Η
1792 1262 1818 1321 δε

1042 1352 1087 1404 τοῦ
1103 1346 1241 1427 δράκοντος
1256 1346 1413 1414 εἰπολίθυισις
1431 1348 1547 1406 κατὰ
1518 1372 1565 1425 μεν
1581 1348 1818 1430 Ἀριστοτέλην

1042 1433 1089 1506 τήν
1107 1434 1258 1513 βραδύτητα
1273 1434 1365 1504 ἐδήλου
1377 1435 1423 1493 καὶ
1439 1437 1469 1495 τὸ
1493 1436 1606 1519 σκληρὸν
1622 1442 1668 1496 τοῦ
1691 1437 1817 1513 πολέμου,

1048 1521 1117 1581 κατὰ
1138 1520 1165 1579 δὲ
1185 1520 1280 1589 ἄλλους
1293 1520 1340 1592 τήν
1358 1526 1406 1593 τῆς
1418 1526 1517 1591 πόλεως
1540 1524 1683 1604 ἐρήμωσιν.
1699 1526 1745 1585 Cf.
1760 1530 1818 1585 Eu-

1042 1608 1127 1669 stntlr.
1147 1628 1176 1687 p.
1193 1612 1249 1666 noli
1267 1630 1304 1684 ομ
1319 1610 1402 1672 llum.
1419 1612 1462 1669 lle
1480 1613 1656 1672 Aristotelea
1674 1613 1815 1691 inter-pne-

948 1709 951 1715 ’
968 1688 971 1694 ’
1043 1698 1153 1754 tatione
1170 1697 1287 1755 sortasse
1302 1697 1416 1757 locutus
1434 1714 1477 1758 est
1498 1699 1600 1758 Cicero
1611 1700 1647 1759 de
1662 1702 1760 1761 Dixin.
1778 1700 1818 1775 ll,

535 1765 551 1823 t
574 1758 663 1831 (169)-

251 1896 345 1953 Sclrol.
360 1895 459 1955 l'enet.
472 1896 494 1951 B
513 1895 549 1954 sd
566 1895 648 1954 ltiad.
664 1900 690 1973 A,
708 1896 775 1966 305,
791 1918 821 1973 p.
836 1897 886 1969 66,
901 1901 933 1969 Β,
950 1898 987 1954 50

211 1985 313 2044 sext:
333 2011 344 2036 ι
363 1981 456 2057 Ἡμεῖς
468 1984 490 2041 δ’
503 1982 569 2063 ιἰμρί
576 1982 636 2062 περὶ
644 1982 745 2061 -κρήιης
754 1982 837 2064 ίερυθς
848 1984 917 2042 κατὰ
933 1988 987 2062 βω·

122 2108 124 2112 '
211 2072 273 2148 6ώῖ
291 2100 315 2143 ”2
331 2070 476 2152 μέκθῑῖθῧ,
496 2100 508 2122 “
528 2074 576 2151 Τῷ
595 2071 696 2149 δεκάτῳ
722 2071 749 2129 δὲ
773 2071 850 2129 πολιν
877 2072 986 2151 αἱρήσο.

211 2185 261 2237 μεν
274 2159 429 2238 εὐρυάγυιαν
443 2160 487 2234 (v.
507 2158 574 2235 329]
593 2186 618 2218 ι.
641 2160 709 2238 Περὶ
731 2158 827 2217 τούτοιν
840 2162 891 2216 τῶν
917 2162 986 2219 ἰπῶν

210 2248 342 2327 ἠπόρηται
364 2250 379 2304 θ
401 2244 630 2326 Ἀριστοτέλης
642 2252 765 2305 τοιαῦτα·
778 2249 828 2307 Διὰ
843 2247 868 2305 τί
884 2251 898 2306 ὁ
912 2249 984 2307 Κοίλ·

209 2361 268 2446 χρις,
284 2334 365 2409 εἰμὲν
382 2333 419 2415 [ὃ
440 2336 487 2409 μὲν
502 2334 646 2393 Wachsm.
671 2336 728 2407 l.l,
751 2357 781 2413 p.
797 2334 849 2415 36)
864 2336 937 2395 οὐδὲν
954 2330 986 2410 ἦν

210 2423 287 2503 τίρας
299 2446 329 2481 το
343 2444 475 2528 γιιρμενον
490 2424 550 2497 (τῶν
564 2444 670 2533 γιγνομε
664 2422 722 2479 'rur
738 2422 845 2501 idem),
859 2422 988 2502 ἐξηγεῖται

210 2513 245 2577 ὡς
256 2511 350 2589 τέρας;
364 2508 389 2565 τί
412 2508 496 2587 γὰρ
479 2531 574 2568 ατοπον
588 2513 639 2568 ὑπο
626 2509 733 2590 ὄφεως
748 2532 780 2569 στ
781 2511 885 2590 ρουθους
908 2514 987 2574 κατέ·

211 2597 330 2668 δεσθαιῆ
347 2620 451 2663 τουτους
471 2621 516 2655 οκ.
504 2596 541 2654 ’ὼ
559 2588 639 2656 εἶναι·
632 2599 724 2679 ,Περι
744 2598 771 2656 δὲ
790 2622 835 2659 του
855 2599 925 2659 λίθον
940 2625 986 2680 γε·

208 2687 308 2758 νέσθαι,
323 2685 395 2745 οὐδὲν
408 2684 488 2765 λέγει,
503 2677 549 2743 θ
531 2709 563 2757 ην
576 2684 656 2764 μέγα,
667 2684 774 2762 εἰμὴ
757 2710 807 2765 αρα
817 2687 904 2755 aletis
916 2689 988 2748 ἀπό-

208 2778 289 2835 πλουν
304 2771 487 2851 ὶσήμαινει,’
468 2796 503 2840 ως
514 2774 580 2841 τινές
590 2797 677 2854 φασιν.
692 2773 749 2835 Oia
761 2773 812 2836 ἔδει
824 2776 879 2835 δὲ’
864 2802 987 2853 αιαμνη-

208 2888 268 2923 σαι·
288 2864 396 2933 εἴκος’
369 2887 420 2943 γαρ
434 2888 466 2935 ην
487 2862 643 2940 ιἰπολαόεῑι,
667 2865 711 2923 καὶ
733 2865 805 2923 εἷ’
767 2889 867 2945 μαριυς
891 2868 986 2946 (μήτις

207 2953 526 3014 Me111e1.1therrz.Mus
542 2952 630 3028 1850,
641 2974 671 3029 p
688 2953 755 3032 145)
770 2952 851 3030 ε’λιγε
864 2954 986 3014 Καιτότε

208 3040 285 3109 ἀξίως
301 3040 380 3150 ἔλεγε
385 3047 471 3112 τοῦτο,
487 3037 563 3097 ὄπ’
538 3040 597 3097 ουθε
585 3039 749 3110 απέδοικει,
764 3042 835 3099 ἂν
810 3066 849 3112 ειη
862 3045 926 3103 τὸτε
920 3045 984 3122 'spu-

206 3129 285 3197 ίνοίτη
274 3118 380 3237 γὰρ’,
362 3152 394 3184 ιν
405 3130 422 3197 ἡ
435 3125 535 3232 μήτηρ,
548 3126 684 3206 &extitisti
661 3148 687 3188 οε
701 3129 732 3187 τὸ
742 3125 823 3187 Ιλιοι
838 3129 903 3199 ήλοι.
922 3134 985 3204 Φη-

207 3203 291 3272 σλν’
261 3236 306 3271 ουν
322 3213 358 3288 μὴ
374 3213 444 3277 εἶς
420 3234 463 3269 τοι
473 3211 563 3270 νόστοι
578 3213 734 3290 εἰρῆσθαι’
708 3238 741 3271 τα
755 3216 838 3293 περι.
825 3242 871 3287 ἠς
892 3221 985 3278 εἰπολι-

207 3299 310 3365 θωσιως
321 3304 367 3357 τοῦ
383 3298 532 3376 δράκοντος,
548 3298 587 3357 διο
602 3298 656 3358 oto
671 3301 777 3371 ἐποίησι
788 3302 910 3381 λεγοντα
925 3306 983 3367 οὔτε

206 3386 257 3493 γὰρ
282 3386 377 3452 πάντες
400 3384 506 3444 ἄνοστοι
530 3385 659 3464 ἐγίνοντο,
680 3389 824 3465 γελοῖός
800 3414 816 3449 τ
841 3392 871 3450 ἂν
891 3418 923 3463 ηι
936 3398 983 3456 οὐκ

205 3471 362 3552 ἀποτρέπων
384 3495 429 3530 του
412 3474 510 3530 πλου
534 3472 602 3532 ἀλλὰ
616 3476 773 3535 πλεινοτ
705 3498 773 3555 προτ
775 3499 801 3556 με
803 3478 926 3555 πόμενος,
939 3482 983 3550 οὓς

205 3563 298 3672 ε’ψήλου
322 3563 355 3619 τὰ
370 3584 438 3673 σῃμε
440 3564 467 3619 is
481 3562 519 3638 μή
536 3563 681 3635 ἐπανήξειν
702 3564 749 3635 Μή
763 3570 822 3625 ποτ’
836 3558 880 3626 ουν
884 3574 981 3652 ,ρησή

205 3674 236 3710 το
250 3652 358 3727 σημεῖον
368 3675 398 3711 το
385 3651 482 3711 λίθον
504 3651 623 3731 γενέσθαι
635 3654 734 3733 βραδότ
735 3678 796 3726 ητος
807 3660 860 3735 (ita
878 3632 978 3734 delli,

1045 1784 1180 1858 30:011oe
1197 1790 1309 1841 tandem
1327 1794 1379 1843 ista
1391 1796 1540 1865 auguratio
1551 1804 1591 1845 est
1608 1810 1646 1845 επ
1658 1794 1820 1867 passeribus

1043 1893 1179 1929 urniorum
1187 1880 1286 1949 potius
1300 1896 1385 1950 qrrom
1398 1890 1447 1933 aut
1472 1885 1605 1933 niensium
1627 1892 1675 1933 aut
1689 1882 1794 1935 dierum
1803 1884 1818 1935 Ρ

1044 1962 1101 2017 Cur
1113 1974 1205 2018 autem
1211 1965 1247 2017 de
1251 1968 1422 2037 passerculis
1431 1970 1619 2038 conjecturam
1622 1964 1708 2036 sarit,
1723 1972 1751 2021 in
1761 1974 1819 2043 qui·

1044 2048 1092 2102 bus
1103 2051 1209 2105 nultum
1217 2065 1278 2106 erat
1287 2066 1436 2109 rrronstrurri
1446 2076 1457 2121 ,·
1472 2057 1509 2109 de
1518 2056 1639 2110 dracone
1650 2059 1720 2123 silet,
1736 2060 1821 2130 quiid

1043 2140 1117 2210 quod
1130 2139 1199 2213 fieri
1215 2160 1271 2195 nou
1277 2148 1377 2217 potuit,
1392 2146 1519 2217 lapideos
1529 2142 1756 2214 dicitur-soclus?
1768 2148 1820 2200 Po·

1041 2229 1815 2304 stremoquidslmilehabetpmsercrrrnir’Quaeinschul.

1044 2310 1114 2367 ALV
1136 2312 1170 2370 sil
1186 2312 1219 2370 ll.
1236 2318 1263 2391 A,
1281 2318 1346 2387 308,
1361 2337 1390 2393 p.
1409 2318 1459 2393 69,
1471 2316 1503 2393 B,
1522 2340 1536 2389 7
1554 2318 1640 2377 Βαλίε.
1659 2318 1815 2393 leguntur:

1042 2396 1130 2476 Ἰερας
1148 2398 1175 2457 δὲ
1190 2399 1220 2457 τὸ
1234 2400 1303 2458 ὀκτοί
1318 2402 1468 2461 τετοκέναι·
1486 2404 1553 2461 ἑπτὰ
1570 2405 1621 2483 γὰρ
1634 2405 1725 2476 τίκτει,
1752 2427 1815 2463 utun

1042 2486 1080 2544 iis
1100 2488 1275 2547 conferenda
1289 2504 1366 2564 sunt,
1382 2512 1447 2570 quae
1461 2512 1497 2549 ex
1513 2494 1668 2551 Aristotele
1689 2496 1817 2553 servarit

1043 2574 1196 2634 Athenaeus
1209 2576 1260 2653 lx,
1271 2599 1302 2656 p.
1321 2583 1391 2657 391,
1406 2578 1448 2639 F:
1463 2580 1556 2639 Τι’κτει
1570 2586 1632 2656 γοῦν
1654 2585 1668 2640 ὁ
1684 2582 1815 2663 στρουθός,

1043 2662 1077 2730 or:
1084 2687 1161 2743 φησιν
1171 2664 1196 2724 Ἀ
1206 2668 1333 2747 ριστοτέ
1338 2670 1404 2739 λης,
1414 2667 1458 2726 καί
1470 2669 1633 2749 μίχριόκτώ,
1641 2669 1817 2728 stilibi-ostie

1043 2752 1227 2813 Animalibus
1243 2775 1302 2813 non
1317 2758 1499 2835 superstites,
1512 2758 1609 2837 potius
1621 2772 1716 2815 torxien
1730 2776 1814 2835 quam

1043 2841 1079 2899 nd
1098 2842 1653 2923 llornericasQuaestionespertinentin.

1365 3000 1381 3056 5
1406 3000 1499 3078 (ιτα).

1079 3138 1176 3197 Scltol.
1192 3140 1292 3201 Venet.
1306 3142 1327 3197 li
1349 3139 1383 3197 ad
1399 3140 1486 3198 iliad.
1504 3144 1531 3216 A,
1545 3141 1602 3214 649
1618 3138 1741 3219 (Κρήτην
1755 3144 1815 3198 ἑκα-

1042 3224 1196 3302 τόμπολιιψ,
1210 3248 1239 3303 p.
1258 3229 1307 3299 87,
1322 3228 1354 3297 B,
1369 3227 1455 3283 Betk.
1471 3227 1507 3282 38
1519 3246 1525 3284 :
1537 3226 1586 3283 dii
1600 3224 1625 3282 τί
1643 3226 1751 3283 ἐνταῦθα
1767 3224 1813 3302 μὲν

1039 3311 1194 3383 πεποίηκεν,

1102 3452 1177 3502 Ἄλλοι
1193 3456 1213 3501 θ’
1224 3455 1246 3502 οἳ
1262 3456 1354 3517 Κρήτην
1364 3454 1521 3517 ἑκατόμπολιν
1533 3453 1707 3517 ἀμφενέμοντο,

1039 3582 1067 3637 ἐν
1085 3580 1111 3638 δὲ
1128 3584 1161 3661 τῇ
1176 3580 1317 3662 Ὀδυσσείᾳ
1328 3579 1409 3641 εἰπὼν
1423 3580 1463 3639 ὅτι
1477 3580 1533 3641 ἔστι
1548 3586 1564 3653 ἡ
1581 3578 1673 3661 Κρήτη
1689 3581 1757 3653 καλή
1769 3582 1813 3641 καὶ

1038 3666 1128 3749 πίειρα
1143 3669 1188 3725 καί
1200 3668 1351 3749 περίρρυτος
1364 3716 1372 3746 ,

207 3795 1799 3825 Ἢ

204 3872 268 3922 sieut
286 3875 311 3923 et
326 3874 398 3923 Solon
414 3872 499 3925 lesisse
510 3874 597 3925 dieitur
612 3889 688 3938 quum
701 3879 817 3939 poputum
831 3885 928 3944 propter
940 3887 984 3933 sa.

209 3958 324 4009 laminoin
339 3961 476 4010 concitaret.

581 4079 604 4125 θ.

234 4186 272 4233 De
287 4186 339 4235 loon
356 4186 436 4236 Iliadis
451 4188 504 4236 libri
524 4186 622 4237 secundi
637 4188 691 4239 inde
709 4204 724 4239 a
738 4205 809 4242 versu
821 4198 867 4243 3⁰5
883 4214 888 4243 ι
904 4214 916 4236 ιι
933 4196 982 4244 Nus

204 4274 285 4323 soum
300 4274 446 4335 circumjecti
459 4275 523 4325 ciros
541 4275 731 4335 rontemnere
747 4280 771 4330 ln
781 4280 932 4344 altaribus,·
950 4280 980 4333 sd

205 4374 301 4411 ιαιιιιιι
320 4366 367 4412 329
384 4381 390 4412 :
409 4383 421 4405 ι
436 4364 535 4413 Decium
550 4369 630 4417 autem
650 4367 743 4431 (anno)
763 4368 847 4418 turbem
859 4370 981 4432 capiemus

204 4450 264 4499 istus
279 4449 331 4499 rins
345 4449 473 4501 habentem
482 4471 494 4495 ιι
505 4488 513 4513 ,
525 4451 558 4501 its
572 4452 678 4517 disputat
691 4455 848 4505 Aristoteles:
863 4456 913 4506 cur
924 4457 980 4506 cnl-

203 4538 262 4587 elus
276 4538 296 4587 si
309 4536 333 4587 id
346 4538 409 4601 qnod
426 4542 538 4589 evenerat
552 4541 645 4592 nullum
659 4545 711 4592 exst
722 4542 869 4607 prodigium,
883 4547 909 4595 ut
925 4558 979 4608 pro·

203 4624 294 4689 digium
309 4625 496 4689 interpretatur?
508 4628 572 4686 Quid
585 4630 649 4679 enim
664 4630 752 4680 mimm
768 4630 838 4681 babet
850 4644 981 4695 passeres·

203 4715 313 4779 serpente
327 4714 406 4763 vorari
423 4715 460 4763 vel
475 4715 549 4766 nosue
564 4719 620 4766 octo
634 4722 703 4767 esse?
721 4721 756 4767 De
772 4733 801 4769 eo
821 4722 901 4768 autem
915 4722 979 4782 quod

203 4814 302 4864 ιεεμσσε
317 4801 342 4851 in
359 4801 463 4864 tsptdem
483 4806 590 4853 mutatos
607 4807 644 4854 est
662 4806 722 4855 nibil
739 4806 812 4868 dioit,
829 4808 892 4869 quod
908 4820 981 4869 grove

203 4892 263 4938 ent.
273 4888 326 4939 llisl
342 4902 401 4939 vero
413 4888 445 4939 de
458 4889 557 4939 navium
574 4891 692 4941 solutione
704 4892 873 4955 interpretatus
884 4897 934 4955 est,
953 4898 979 4943 ut

202 4976 310 5027 nonnulli
324 4976 414 5027 dieunt.
434 4980 488 5029 tlon
502 4990 561 5028 rem
579 4992 642 5041 opus
656 4982 708 5029 esst
720 4978 815 5042 disere,
836 4979 903 5031 insite
916 4980 979 5030 euim

203 5063 254 5111 eru
267 5061 384 5124 oonileere
396 5062 469 5113 etism
483 5064 504 5113 si
518 5064 597 5114 nullus
610 5062 713 5115 dieebnt.
725 5068 756 5115 st
770 5066 828 5115 tune
843 5064 884 5115 ills
894 5066 980 5117 merito

202 5145 313 5210 dlsebnt,
325 5162 400 5212 quum
419 5164 467 5201 oon
479 5150 579 5201 dixisset
595 5164 653 5201 num
666 5154 730 5203 esset
745 5151 878 5216 prodigium
896 5166 978 5203 suom

201 5232 267 5284 enim
287 5238 339 5287 erat
356 5242 441 5305 nutet,
461 5240 554 5289 decimo
567 5242 647 5289 notem
669 5254 733 5290 suno
750 5244 818 5305 capta
840 5244 877 5292 est
897 5242 974 5304 Trois

1040 3889 1104 3939 Dixit
1121 3892 1192 3953 igitur
1210 3893 1349 3942 Aristoteles
1368 3894 1524 3941 nrutntionem
1545 3892 1661 3953 serpentis
1675 3892 1698 3938 in
1714 3890 1813 3952 lapidem

1042 3990 1089 4027 non
1103 3978 1133 4027 sd
1151 3980 1253 4029 reditum
1269 3982 1376 4041 spectare
1394 3998 1400 4029 ι
1419 3978 1575 4041 quamobrem
1593 3990 1636 4027 nes
1649 3976 1766 4026 dioentem
1779 3974 1812 4023 le·

1039 4068 1072 4133 cit
1082 4073 1164 4133 poets;
1175 4084 1251 4133 noque
1263 4072 1420 4121 enimomnes
1432 4070 1510 4119 redito
1521 4066 1605 4131 privati
1616 4070 1680 4117 sunt.
1689 4066 1812 4119 Ridiculus

1036 4155 1121 4207 deinde
1135 4157 1219 4209 luisset
1231 4159 1250 4208 si
1267 4172 1314 4208 non
1328 4162 1447 4209 ειετεεεει
1459 4170 1473 4205 s
1485 4154 1634 4219 navigando,
1645 4152 1686 4203 sed
1699 4153 1811 4202 extrorta·

1036 4251 1100 4297 rstrn
1117 4254 1143 4297 ut
1162 4249 1299 4312 navigarent
1314 4262 1371 4311 eos,
1386 4250 1473 4314 quibus
1490 4246 1630 4297 ostendebat
1651 4242 1757 4306 prodigio
1776 4256 1811 4293 se·

1035 4334 1111 4385 ditum
1128 4337 1216 4399 negati.
1235 4338 1346 4388 Fortasse
1359 4350 1433 4397 xero,
1455 4336 1545 4399 inquit,
1564 4332 1696 4395 prodigium
1711 4330 1768 4380 illud
1787 4331 1810 4381 in
1883 4346 1888 4355 ·

1035 4422 1124 4486 lapides
1138 4425 1241 4485 mutari,
1253 4424 1415 4475 diuturnitalis
1428 4424 1522 4485 signum
1533 4423 1597 4481 eret,
1614 4432 1686 4481 quam
1705 4419 1753 4479 iam
1764 4432 1810 4468 ex·

1036 4509 1096 4573 perti
1128 4514 1196 4561 erent
1220 4513 1245 4561 et
1267 4526 1322 4574 quo
1354 4510 1412 4561 ιιίΙιίΙ
1434 4506 1581 4559 formidolosi
1609 4506 1808 4563 tubunensia

1036 4610 1093 4647 ιοτο
1109 4611 1196 4648 norem
1212 4600 1281 4650 annis
1293 4602 1361 4663 cepte
1373 4601 1417 4647 est.
1439 4594 1529 4645 decidit
1538 4594 1602 4645 enim
1615 4594 1710 4643 ineunte
1719 4592 1811 4643 decimo

1033 4698 1108 4748 tuno,
1121 4689 1230 4736 numerat
1248 4700 1306 4737 reto
1325 4688 1429 4749 integros
1446 4696 1536 4744 annos,
1556 4685 1583 4732 ut
1602 4694 1809 4731 numerosoorntn

1034 4772 1074 4837 qul
1089 4772 1206 4836 perierant
1221 4777 1246 4824 et
1260 4786 1377 4845 annorum
1392 4774 1538 4835 congrueret.
1628 4789 1631 4797 ·

1409 4912 1432 4953 5.

1065 5036 1114 5083 dur
1129 5034 1153 5083 in
1166 5034 1211 5083 hoe
1223 5045 1293 5083 versu
1308 5032 1387 5082 llindis
1404 5049 1411 5079 ι

1086 5147 1218 5203 miluus,
1229 5145 1272 5201 nul
1285 5146 1377 5191 cretam
1390 5110 1591 5191 mutuis-urbium
1604 5144 1735 5191 incolebant

1034 5246 1104 5306 pseu
1118 5243 1189 5306 dixit,
1197 5244 1221 5293 ln
1230 5243 1339 5305 Odyssea
1350 5257 1408 5295 reto
1418 5244 1492 5307 (xlx,
1507 5244 1570 5307 17³),
1578 5246 1703 5308 postquam
1714 5242 1808 5291 cretam
