4017 5984
241 494 323 575 λιτείρ·
340 496 402 574 πρδς
414 495 458 554 τδν
470 493 584 574 ἄρχοντά
594 515 658 575 ρησι
667 493 845 574 tautecurt
856 491 953 564 ταύτην
963 493 1011 563 την

242 583 327 656 δίκην,
336 582 380 642 τόν
389 581 415 639 δί
430 583 606 661 ἀνακρίναντα
615 579 728 658 εἰσάγειν
739 582 776 647 είς
787 579 818 638 εδ
830 579 1009 661 δικαστήριον.

283 671 340 730 Pro
355 669 420 746 ὑπὲρ
434 675 478 729 τοῦ
490 668 524 728 εδ
536 667 759 748 άμριοόητιίσιμοι
773 657 838 726 εἶναι
851 670 877 726 ίν
893 671 1010 750 ρανερῶ,

243 758 357 818 codices
384 756 434 814 Dll
465 770 494 816 et
525 755 630 815 Suirlas
656 755 690 814 τίι
720 755 953 836 ἀμρισδητοιίμενα
985 757 1012 814 ἐν

243 847 345 926 ρανερῷ
358 847 477 915 ποιῆσαι.
497 843 685 925 Ἀνακρίνοιντα
701 844 865 903 emendatio
879 857 922 904 est
940 842 1011 900 Βελ-

243 933 317 1008 λοιὶ,
332 933 364 990 in
377 931 459 991 codd.
475 930 647 1011 ἀνακρίνοντα
671 946 776 1010 praeter
789 933 814 992 N
830 933 881 1010 qui
901 932 1011 1012 ἀνακρι-

242 1018 423 1082 θένταίιιὼει.
434 1021 475 1077 ί)ε
487 1039 518 1078 re
531 1019 567 1081 cs.
579 1018 769 1094 Polluxlllll,
782 1021 818 1078 33
830 1041 837 1080 :
848 1010 902 1080 Ἦν
912 1017 940 1078 δὲ
952 1016 1012 1088 δίκη

242 1109 287 1168 καί
313 1112 349 1176 είς
371 1111 493 1190 ίμρανῶν
518 1109 682 1168 κατάστασιν
696 1108 855 1184 καλουμίνη,
868 1107 947 1167 όπότε
973 1129 1013 1172 τις

243 1195 430 1274 ίγγυήσοιιτοῆ
452 1195 529 1255 αὐτόν
544 1219 603 1254 τινα
625 1195 691 1267 ἢτθ
711 1196 858 1275 χρήματα,
877 1197 945 1258 Lex.
962 1193 1012 1252 Se·

244 1303 324 1360 guer.
342 1304 373 1362 p.
390 1286 458 1360 246,
476 1295 492 1354 4
509 1285 598 1344 Bell.
614 1297 642 1342 et
656 1283 788 1361 Etymol.
800 1304 839 1345 m.
853 1283 917 1344 cod.
932 1282 1013 1342 lllarc

244 1369 320 1446 apud
344 1369 378 1428 E.
408 1369 516 1443 Miller,
539 1373 691 1446 Meleager
715 1373 751 1426 de
768 1373 820 1429 litt.
834 1392 891 1447 gra,
913 1368 1011 1440 Porio,

249 1457 333 1525 1⁸68,
350 1478 377 1535 p.
399 1457 482 1517 1031.

558 1592 593 1650 [ιο
617 1583 709 1663 (ιιι).

285 1723 493 1802 Harpocration
503 1745 527 1784 s.
538 1745 568 1785 v.
581 1729 766 1782 Δατεῑοθαι
781 1745 788 1780 ι
800 1723 840 1784 Τὸ
850 1723 1012 1803 μερίζεσθαι,

244 1815 268 1870 ol
284 1811 310 1870 δί
325 1811 438 1883 δατηιαί
459 1809 537 1872 οἱονεί
558 1811 693 1890 μερισταί.
711 1812 752 1872 Τδ
778 1809 805 1868 δὲ
831 1813 866 1877 εἰς
890 1813 1011 1885 δατητῶν

245 1897 344 1977 αἵρεσιν
360 1889 427 1964 εἶδός
448 1923 473 1956 τι
495 1899 567 1970 δίκης
587 1898 668 1959 ίστίν.
685 1897 781 1959 Ὁπότε
795 1897 846 1978 γάρ
869 1895 1014 1958 ιιοινωνοῑίν

242 2009 310 2055 τινες
324 1985 446 2059 ἀλλήλοις
469 1988 515 2045 καὶ
532 1988 556 2044 οί
571 1983 618 2062 μὶν
639 1986 772 2066 βούλοιντο
787 1985 955 2063 διανέμεσθαι
979 1991 1015 2050 τδι

244 2074 331 2151 κοινά,
355 2076 380 2133 ol
403 2075 430 2132 δὲ
445 2073 497 2151 μή,
515 2072 664 2142 ἐδικάζοντο
684 2075 709 2131 ol
728 2071 879 2152 βουλόμενοι
900 2084 953 2140 τοῖς
975 2078 1014 2154 μὴ

245 2160 409 2241 βουλομένοις
439 2162 667 2242 προσκαλούμενοι
691 2163 728 2226 εἰς
756 2161 874 2234 δατητῶν
903 2161 1013 2242 αἵρεσιν.

244 2247 344 2316 Λυσίας
353 2250 380 2309 ίν
397 2250 435 2328 τῷ
447 2248 510 2328 πρὸς
527 2246 702 2324 Ἄλεξίδημον,
716 2249 739 2306 εί
748 2249 863 2326 γνήσιος,
877 2249 921 2306 καὶ
936 2251 965 2310 Ἀ
975 2276 1015 2333 pr.

244 2335 400 2407 στοτέλης
415 2337 441 2393 ἐν
453 2339 486 2415 τῇ
501 2333 643 2404 Ἀθηναίων
658 2335 794 2416 Πολιτιίρ.

284 2424 390 2483 Eodem
417 2423 478 2480 lraec
492 2422 597 2482 Suidas
620 2435 648 2480 et
662 2421 731 2482 lrex.
751 2423 871 2500 Seguer.
895 2446 924 2504 p.
942 2427 1013 2500 235,

247 2515 295 2570 οδ.
313 2510 398 2591 Apud
414 2509 540 2588 Etymol.
558 2513 596 2570 bl.
620 2530 648 2588 p.
672 2520 736 2587 ²49·
759 2513 795 2579 43
817 2515 1016 2574 tantummodo

246 2601 381 2678 leguntur
397 2621 404 2656 ι
422 2596 545 2671 Δατητής
560 2617 567 2657 :
584 2596 666 2676 Παρόι
679 2595 803 2665 Ἀττικοῖς
817 2601 831 2658 ὁ
846 2601 1014 2678 διανεμητής.

244 2688 495 2771 Ἀριστοτέλης.
526 2687 597 2747 Lex.
620 2685 702 2747 llhet.¹
721 2689 801 2749 Cant.
815 2710 845 2768 p.
868 2691 938 2765 667,
957 2695 1016 2753 οδε

248 2780 293 2846 lite
309 2779 427 2850 δατητῶν
447 2775 577 2856 (αἵρεσιν)
590 2797 597 2832 :
612 2773 762 2854 Πρόκλησις
775 2777 904 2855 νιμίσιως
919 2778 936 2851 ἢ
949 2782 1014 2853 κλη-

246 2863 366 2946 ρονομίας
387 2861 404 2934 ἢ
424 2867 511 2922 κοινοῦ
535 2861 602 2928 τινδς
629 2865 790 2940 ἅγοραομοῶ·
810 2863 854 2922 ἐπί
878 2869 929 2925 τῶν
956 2869 1013 2928 δια-

245 2953 375 3027 νεμόντων
399 2952 431 3010 τίι
445 2950 519 3010 κοινά
532 2972 612 3022 τισιν,
629 2951 664 3016 ὡς
684 2947 923 3030 Ἀριστοτέλης
943 2955 1018 3035 όντῇ

245 3039 385 3111 Ἀθηναίων
401 3038 537 3115 Πολιτείᾳ·
556 3064 567 3086 ι
583 3034 662 3095 Δίκαι
683 3035 861 3114 λαγχάνονται
883 3039 948 3120 πρὸς
969 3040 1013 3101 τὸν

245 3127 360 3207 ἄρχοντα
375 3127 455 3184 ἄλλαι
467 3125 535 3191 τινίς
547 3125 630 3204 (cod.
648 3124 706 3182 ἄλλ’
720 3123 746 3183 εί
755 3123 806 3204 τις)
826 3127 869 3186 καί
883 3128 919 3196 είς
933 3129 1014 3202 δατη-

247 3219 299 3274 τῶν
312 3213 423 3294 αἵρεσιν,
438 3211 500 3270 όταν
510 3208 549 3288 μὴ
563 3209 625 3289 θέλῃΙ
639 3209 673 3269 τίι
688 3208 751 3268 ὄντα
764 3211 889 3288 νέμεσθαι
904 3214 1016 3290 (lleier.

245 3297 654 3379 1.Ι.;ότανδμὲνθίλῃ,όδί
675 3296 713 3375 μὴ
732 3299 841 3379 θίλῃτίι
860 3300 934 3358 κοινδι
955 3301 1019 3361 ὄντα

247 3387 416 3466 vipereum).-
431 3386 500 3446 Lex.
516 3384 726 3462 Rhensegner.
737 3405 766 3464 p.
781 3387 849 3460 3ιο,
869 3409 902 3461 17
916 3389 1017 3451 bern:

246 3479 281 3535 Oi
306 3473 437 3545 διαιτηταί
451 3474 511 3551 (ite
525 3473 599 3532 male
610 3472 659 3532 hic
681 3486 709 3532 et
734 3493 823 3553 supra
839 3495 869 3553 p.
887 3477 958 3549 235,
981 3480 1019 3536 οδ

244 3655 303 3692 vero
322 3640 346 3692 in
364 3641 495 3706 Republica
511 3639 694 3690 Atheniensium
713 3639 773 3690 dicit
787 3641 853 3706 apud
875 3642 1019 3692 metientem

246 3733 307 3782 benc
320 3732 439 3784 actionem
452 3730 554 3792 intendi,
565 3731 609 3796 qui
621 3743 648 3782 re
662 3731 801 3782 cucumin
818 3731 898 3783 iorum
910 3745 965 3784 eum
978 3733 1019 3786 lu-

246 3821 371 3871 trnlncet.

613 3911 653 3958 li.

279 4000 412 4060 Δαεεῐσθοι,
423 3996 540 4059 θίνίιίοεο,
552 3997 648 4055 δοιαηταί
656 4009 716 4048 vero
724 3995 795 4062 quael
803 3995 929 4048 diuisores.
946 4000 1021 4048 Porro
1063 4017 1066 4024 ·

249 4090 280 4144 είς
297 4089 401 4144 δατητῶν
415 4085 513 4148 αἵρεσιν,
527 4083 719 4135 addictorum
734 4082 894 4148 elecllmtent,
910 4083 1019 4147 alludi·

767 359 1013 422 nntsrornms
1036 359 1284 421 FRAGMENTA.

1065 513 1119 569 pro
1135 490 1265 571 δατηταί)
1280 499 1368 553 πᾶσαν
1382 491 1457 560 δίκην
1473 488 1605 560 δικάζουσι
1620 489 1691 560 πλὴν
1704 491 1755 548 τῶν
1770 488 1835 558 ξενι-

1066 583 1129 650 κῶν,
1152 569 1205 639 οἷον
1224 578 1370 660 πρόκλησιν
1385 577 1519 654 νεμήσεως
1536 576 1580 634 ἐπί
1595 599 1671 634 τινων
1683 573 1701 646 δ,
1713 575 1836 654 κληρονο-

1066 666 1128 744 μίας
1141 666 1159 739 ἢ
1172 667 1254 727 κοινδν
1269 667 1430 747 ἀγορασμόν.
1440 665 1545 744 Κυρίως
1559 664 1647 741 μέντοι
1664 665 1688 722 οί
1703 661 1836 738 διανίμον·

1065 777 1108 821 τες
1119 751 1152 812 st
1169 753 1245 814 κοινά
1261 776 1339 812 τισιν.

1378 867 1415 934 43
1451 875 1531 933 tro.

1108 976 1320 1056 Harpocration
1334 995 1360 1038 e.
1375 995 1406 1034 ν.
1423 866 1523 1041 Σλεοί
1595 976 1673 1039 ὶῒιτος
1683 973 1803 1032 καλεῖται
1818 976 1834 1044 ἡ

1068 1062 1190 1140 διδομίνη
1204 1063 1330 1144 πρόσοδος
1342 1063 1378 1130 είς
1391 1061 1488 1144 τροριλν
1502 1061 1561 1128 ταῖς
1573 1059 1690 1139 γυναιξίν
1701 1061 1835 1141 ἢτοῖςόρ-

1068 1150 1165 1231 ρανοῖς,
1175 1153 1212 1218 ὡς
1232 1149 1260 1220 lt
1276 1151 1363 1209 ἄλλων
1379 1155 1471 1224 μαθεῖν
1490 1147 1546 1208 ἔστι
1559 1148 1604 1209 καί
1618 1150 1648 1208 lx
1658 1153 1705 1208 τοῦ
1720 1148 1839 1216 Σόλωνος

1066 1236 1093 1382 ρι’
1104 1237 1193 1383 ἄξονος
1204 1239 1350 1310 καὶίκτῆς
1361 1236 1618 1316 Ἀριστοτέλους
1631 1235 1774 1308 Ἀθηναίων
1784 1238 1840 1296 Πο-

1084 1347 1172 1393 ιτεας.
1612 1347 1615 1352 ’

1110 1415 1162 1474 Καὶ
1175 1416 1203 1473 ἐκ
1216 1414 1335 1481 Σολωνος
1354 1413 1442 1482 ἄξονον
1457 1413 1541 1470 codd.
1555 1412 1604 1470 AB
1614 1425 1643 1470 et
1654 1411 1778 1470 vindob.
1789 1412 1840 1470 En·
1955 1411 1963 1418 '

1068 1505 1134 1564 dem
1141 1502 1219 1582 apud
1226 1502 1364 1562 Photinm
1373 1515 1401 1559 et
1409 1500 1540 1574 Suidam,
1553 1500 1604 1559 ubi
1613 1501 1735 1575 legitur:
1745 1499 1799 1560 Καὶ
1809 1502 1839 1558 iu

1069 1595 1121 1651 τῶν
1136 1595 1182 1650 τοῦ
1199 1589 1318 1656 Σόλωνος
1334 1590 1439 1670 πρόιτου
1454 1587 1552 1656 ἄξονος.
1567 1585 1612 1648 cf.
1629 1606 1718 1667 supro
1739 1588 1776 1648 ίε.
1793 1607 1838 1647 ιε.

1069 1679 1177 1738 Pollux
1185 1677 1263 1751 Vlll,
1276 1679 1312 1735 33
1323 1700 1330 1735 :
1342 1675 1399 1744 Τίις
1412 1677 1436 1734 δ’
1449 1676 1491 1734 tet
1503 1675 1615 1755 τῶσίτῳ
1622 1675 1694 1742 δίκας
1701 1676 1728 1735 lv
1742 1673 1841 1758 ᾨδείῳ

1070 1764 1196 1834 ἐδίκαζον·
1210 1772 1281 1832 σῖτος
1294 1763 1322 1824 δί
1336 1767 1407 1824 ἐστιν
1417 1766 1445 1822 αἱ
1457 1763 1624 1842 όρειλόμινοιι
1637 1761 1739 1842 τροφαί.

1381 1898 1418 1959 tt
1442 1891 1536 1968 (413).

1110 2019 1323 2096 Harpocration
1338 2037 1365 2078 s.
1390 2041 1420 2077 ν.
1435 2015 1671 2093 Ἐπιμελητὴς
1691 2017 1756 2074 τῶν
1777 2038 1843 2090 μυ-

1070 2104 1241 2184 στηρίωνε
1258 2105 1328 2183 Πορ’
1342 2103 1486 2175 Ἀθηναίας
1497 2105 1513 2160 ό
1526 2101 1664 2180 λεγόμενος
1679 2101 1841 2181 βασιλεύς...

1069 2189 1314 2268 Ἀριστοτέλης
1324 2192 1351 2250 ἐν
1362 2189 1501 2262 Ἀθηναίων
1517 2188 1731 2269 Πολιτείιρρησὶν
1746 2189 1843 2257 οὕτως·

1073 2305 1083 2329 ⁸
1102 2277 1137 2339 Ὁ
1147 2278 1174 2337 δί
1190 2277 1311 2356 βασιλεὺς
1323 2282 1427 2358 πρῶτον
1438 2274 1486 2351 μίν
1500 2278 1553 2335 τῶν
1574 2277 1727 2357 μυστηρίων
1747 2281 1841 2354 ίπιμι·

1071 2367 1155 2424 λεῖεαι
1167 2364 1235 2441 μετὰ
1248 2367 1301 2423 τῶν
1314 2365 1479 2442 ἐπιμελητῶν
1493 2361 1537 2432 οθς
1551 2368 1566 2424 ό
1583 2364 1667 2440 δῆμος
1687 2365 1843 2443 ίχιιροεόνει

1072 2456 1169 2528 (corr.
1184 2460 1326 2532 perpetuent
1341 2474 1366 2512 c.
1383 2452 1525 2528 llekkero)
1541 2450 1587 2511 δόο
1600 2450 1648 2530 μίν
1658 2450 1685 2522 l}
1700 2451 1840 2523 Ἀθηναίου

1070 2539 1202 2612 ἁπάντων,
1213 2538 1261 2599 δνα
1275 2540 1298 2598 δ’
1310 2540 1336 2610 ἐξ
1348 2538 1537 2617 Εὐμολπιδῶν,
1548 2539 1594 2600 ἕνα
1608 2542 1631 2599 δ’
1645 2543 1676 2600 ἐκ
1687 2539 1842 2621 Κηρύκων.»

1071 2627 1190 2700 Βότω,
1211 2629 1322 2688 omisso
1341 2626 1510 2688 Aristotelis
1525 2628 1653 2706 nomine,
1678 2627 1756 2708 apud
1772 2627 1840 2686 Sui·

1070 2716 1136 2774 dam
1150 2737 1174 2778 s.
1188 2737 1218 2776 ν.
1239 2731 1268 2776 et
1279 2717 1406 2794 Etymol.
1417 2715 1458 2775 M.
1473 2734 1506 2793 p.
1521 2716 1590 2792 362,
1608 2715 1713 2795 ro,qui
1730 2715 1841 2775 addunt

1071 2819 1137 2884 post
1151 2805 1315 2885 ίχειροτόνιι,
1329 2803 1453 2886 τίασαρες
1469 2800 1497 2860 ll
1511 2793 1591 2876 ἦσαν.

1375 2929 1411 2997 45
1451 2937 1531 2999 bri..

1113 3047 1220 3107 Pollux
1244 3048 1324 3120 Vlll,
1346 3069 1405 3126 90:
1431 2927 1465 3109 '(0
1488 2927 1519 3107 δό
1530 3047 1696 3128 βασιλεὺς
1718 3071 1843 3124 μυστη·

1074 3131 1156 3211 ρίων
1169 3133 1314 3214 προίστηκι
1330 3136 1396 3212 μετὰ
1410 3138 1462 3194 τῶν
1479 3137 1645 3211 ἐπιμελητῶν
1658 3135 1704 3193 καὶ
1718 3134 1842 3206 Δηναίων

1073 3222 1117 3277 καὶ
1127 3221 1233 3299 ἀγώνοιν
1243 3225 1293 3281 τῶν
1300 3222 1343 3280 tet
1350 3221 1482 3299 λαμπάδι,
1496 3221 1541 3280 καί
1550 3220 1584 3280 ‘tl
1593 3221 1653 3298 περί
1661 3221 1707 3287 τίις
1716 3221 1842 3302 πατρίους

1074 3305 1162 3374 θυσίας
1175 3308 1274 3370 διοικεῖ.
1292 3308 1370 3370 Δίκαι
1382 3309 1409 3368 bl
1426 3309 1488 3385 πρὸς
1501 3308 1579 3368 αίιτδν
1590 3309 1768 3390 λαγχάνονται
1782 3313 1842 3370 ἀσι-

1074 3391 1155 3467 δείοις,
1181 3393 1322 3474 ἱερωσύνης
1347 3395 1579 3475 άμρισόητήσεως.
1602 3397 1656 3456 llul
1682 3405 1734 3466 τοῖς
1757 3397 1843 3476 γίνεαι

1075 3481 1120 3538 καὶ
1134 3483 1186 3550 τοῖς
1205 3484 1303 3562 ίιριῦσι
1317 3493 1398 3543 πᾶσιν
1416 3484 1492 3551 αὗτδς
1502 3485 1610 3559 δικάζει,
1623 3484 1668 3544 καί
1681 3485 1728 3553 τὰς
1740 3493 1786 3547 τοῦ
1797 3486 1844 3564 ρό·

1072 3660 1138 3699 rum.
1151 3647 1755 3715 Arlslololoslnllcpublloanllteulffllnmsloelt:
1771 3671 1783 3695 ν
1793 3655 1843 3702 llex

1073 3736 1144 3787 curet
1161 3736 1268 3801 primum
1282 3737 1399 3801 mysterio
1412 3751 1470 3788 curn
1484 3736 1650 3801 cuntoribus,
1668 3738 1712 3802 qni
1725 3751 1740 3788 ε
1755 3737 1844 3802 popule

1073 3825 1187 3874 creentur
1197 3837 1299 3876 numero
1307 3828 1433 3888 muttum,
1443 3824 1494 3877 (luo
1501 3839 1533 3877 ex
1541 3827 1655 3876 omnibus
1663 3825 1757 3876 civibus
1766 3825 1844 3875 Albe·

1074 3910 1206 3974 aiensibus,
1217 3912 1304 3963 tertius
1322 3927 1352 3964 ex
1367 3913 1526 3978 Eumolpitiis,
1541 3917 1645 3979 quantu
1658 3911 1824 3974 eceryclbm.

1439 4033 1480 4080 lb.

248 4175 279 4224 eti
302 4175 387 4224 tonna.
402 4171 504 4230 Quoties
516 4171 580 4222 enim
592 4185 623 4223 ex
642 4171 673 4222 iis
683 4170 726 4236 qut
739 4172 882 4223 societatem
896 4171 1019 4229 coiissent.
1104 4163 1222 4213 Rexvero
1229 4161 1352 4225 mysteriis
1362 4166 1514 4227 preostenm
1522 4161 1677 4213 cuntoribnr
1691 4172 1785 4222 eorum,
1797 4163 1843 4212 Le·

249 4273 403 4311 communem
415 4272 468 4310 rem
479 4257 589 4310 dividere
601 4258 727 4316 volebant.
738 4258 807 4310 litem
822 4258 980 4311 intendebant
991 4259 1022 4309 iis
1072 4248 1134 4300 Μ
1146 4252 1172 4300 θί
1192 4249 1312 4315 temperis
1323 4250 1497 4302 certaminibus
1510 4253 1536 4301 et
1550 4249 1630 4314 pron
1640 4245 1794 4298 εδεοίιιίιιεει
1806 4261 1845 4298 εε-

248 4349 291 4412 qui
304 4348 456 4408 recusabunt,
468 4347 494 4397 in
501 4347 543 4409 jus
552 4351 666 4398 vocantes
681 4347 713 4397 ed
725 4346 861 4397 dlvisomm
871 4346 1021 4398 electionem.
1072 4335 1174 4388 oinos,
1191 4337 1264 4389 Fiunt
1282 4339 1445 4403 animemed
1456 4337 1526 4388 illum
1540 4335 1648 4388 εσιίοοαε
1660 4333 1801 4400 implestis,
1818 4341 1844 4387 et

249 4435 333 4500 Lysias
344 4435 369 4484 in
382 4434 500 4486 oratione
508 4438 593 4485 eorrtre
604 4433 783 4494 nicodemum,
797 4433 820 4483 st
831 4431 905 4484 noto
918 4432 1022 4498 geneion
1072 4425 1105 4477 (lo
1114 4425 1245 4478 motem
1253 4424 1487 4490 controversum
1496 4427 1522 4475 et
1533 4421 1664 4486 neonus
1673 4422 1783 4474 οίεεοείσ
1793 4437 1844 4474 om·

250 4529 296 4586 est,
308 4527 332 4574 et
342 4521 518 4574 Aristotelesin
532 4521 663 4586 Republica
674 4521 865 4572 Atheniensium.
1073 4513 1146 4564 nibus
1162 4513 1203 4564 ille
1213 4520 1256 4576 tus
1266 4513 1335 4574 dieti,
1348 4517 1374 4565 et
1388 4511 1464 4564 cedis
1480 4511 1587 4564 witonus
1599 4510 1625 4561 in
1638 4515 1791 4574 Αεεορεςυιιι
1807 4511 1841 4561 in·

615 4613 655 4660 ιο,
1073 4598 1150 4659 ducit,
1164 4612 1302 4664 coronaque
1313 4598 1425 4664 deposito
1441 4598 1516 4649 ιίιιιιιΙ
1534 4611 1592 4647 eum
1603 4596 1652 4648 iltis
1662 4595 1766 4659 judicet.
1780 4599 1843 4648 Con-

283 4703 348 4757 Σῖτος
369 4701 471 4749 vocetur
487 4697 581 4748 reditus
594 4697 637 4760 qui
658 4697 690 4746 nl
703 4697 817 4748 elimenta
835 4695 980 4746 mutieribus
996 4698 1022 4747 et
1074 4687 1228 4739 tendentibus
1239 4700 1313 4752 porro
1326 4686 1476 4739 interdicite
1487 4684 1611 4749 mysteriis
1625 4687 1651 4735 et
1663 4683 1718 4736 eliis
1727 4683 1843 4750 ierithis

252 4787 348 4854 ptrpiliis
362 4787 495 4851 probetur,
506 4785 572 4848 quon
587 4799 644 4835 cum
659 4797 690 4834 ex
699 4784 754 4834 eliis
767 4784 861 4835 discere
870 4786 909 4834 est
924 4786 978 4834 tum
990 4797 1023 4834 ex
1074 4774 1203 4835 ebihere.
1210 4775 1307 4839 iudicet
1318 4778 1345 4826 et
1356 4774 1546 4827 inanimatorum
1554 4785 1651 4824 οειιεεε.
1663 4772 1743 4834 nujus
1762 4775 1843 4834 conju·

252 4877 331 4940 primo
340 4889 385 4926 axe
399 4871 493 4926 solonis
502 4874 527 4923 et
535 4885 566 4921 er
576 4869 705 4921 Aristotele
718 4869 741 4918 in
751 4868 885 4934 Republtcr
894 4867 1021 4920 Athenien·
1074 4877 1129 4928 gem
1144 4865 1251 4929 reginem
1263 4867 1361 4914 vocent.

254 4967 327 5017 sium.

615 5055 655 5102 44.

287 5144 391 5194 Curetor
402 5139 574 5207 mysteriorum
585 5138 650 5206 apud
659 5138 817 5192 ntbmlmses
827 5140 881 5188 erut
890 5151 931 5189 rex
939 5151 1022 5190 ειοτο-
