4017 5984
937 319 1160 381 DIVISIONES.
1801 326 1856 385 IOI

252 448 387 521 εὖδσυλία,
408 448 440 509 τδ
454 448 476 507 δ’
502 448 657 521 εύαισθησία
675 448 721 508 καί
733 448 817 527 ὑγίεια
836 449 1029 527 τοῦσώματος,
1086 451 1113 510 έν
1129 451 1156 511 δὲ
1173 451 1203 510 τὸ
1217 451 1277 530 ἔχον
1294 450 1388 531 ἀρετήν
1402 442 1456 511 οἷον
1470 449 1551 519 ίππος
1564 450 1609 511 καί
1623 451 1815 531 ἄνθρωποςκαὶ
1828 451 1862 511 τδι

252 538 283 598 τὸ
297 540 320 598 δ’
331 536 452 618 εὐτυχία,
467 536 497 595 τδ
513 536 535 595 δ’
549 535 659 609 εύδοξία,
668 538 700 597 εδ
713 538 737 594 δ’
749 536 868 619 εὐπορία.
1031 591 1034 595 .
1086 543 1208 598 τοιαῦτα·
1221 539 1267 598 καὶ
1278 537 1329 620 γάρ
1340 538 1438 597 τούτων
1448 540 1558 599 ἕκαστον
1572 537 1677 619 λέγεται
1687 538 1784 619 δγαδδν
1797 528 1864 599 εἶναι

292 623 373 684 XXII
389 668 398 685 .
414 625 491 700 Diog
503 623 598 683 [κοτε.
614 626 666 697 III,
682 644 737 681 roo
751 646 758 681 :
772 626 807 685 Αἱ
825 624 916 705 τέχναι
925 628 962 693 εἷς
970 624 1031 707 τρία
1086 625 1131 685 ἐὰν
1147 625 1198 707 έχῃ
1218 626 1266 697 τὴν
1288 625 1393 705 ἀρετήν.
1405 627 1446 687 Ti
1466 626 1494 686 δέ
1512 626 1643 709 συμφέρον
1660 618 1712 687 οἷον
1729 629 1863 705 γυμνασία

254 714 428 789 διαιροῦνται·
443 716 461 781 ἡ
474 709 522 788 μέν
538 709 643 792 πρώτη,
656 714 673 782 ἡ
693 710 720 771 δέ
736 712 855 794 δευτέρα,
870 717 887 784 ἡ
900 712 928 771 δὲ
941 713 1028 795 τρίτη.
1086 712 1131 771 καί
1142 712 1294 795 φαρμακεία
1307 714 1352 773 καί
1363 714 1447 773 τάλλα
1460 714 1510 776 ὅσα
1520 714 1584 795 πρδς
1595 714 1683 791 ὑγείαν
1696 715 1741 775 καί
1755 714 1863 783 εὐεξίαν·

253 798 353 881 Πρώτη
370 799 418 876 μέν
438 791 514 870 ούνὴ
532 798 725 875 μεταλλευτικὴ
747 799 793 860 καί
807 801 961 877 ὑλοτομική·
980 823 1032 861 πα·
1086 798 1131 857 καί
1144 798 1196 880 γδρ
1209 798 1307 859 τούτων
1330 798 1441 861 ἕκαστον
1460 801 1564 879 λέγεται
1587 802 1684 879 σἰγαθδν
1699 793 1767 861 εἶναι
1791 794 1863 886 ᾧᾶν

253 887 457 967 ρασκεοαστικαί
468 886 520 967 γάρ
533 889 615 947 εἰσιν·
633 892 651 958 ἡ
674 888 702 947 δὲ
718 888 879 968 χαλκευτικὴ
893 890 938 948 καλ
951 894 967 961 ἡ
981 914 1030 949 τε·
1087 886 1219 969 συμφέρῃ.
1236 888 1277 950 Τδ
1299 887 1325 947 δὲ
1347 888 1457 969 τερπνὸν
1471 887 1516 947 καί
1532 888 1562 947 τὸ
1576 886 1686 960 ἥδεσθαι
1704 894 1793 948 ποιοῦν
1811 882 1863 949 οἷον

251 976 358 1048 κτονικὴ
370 974 611 1053 μετασκευαστικαί
620 977 694 1034 εἰσιν·
705 978 735 1035 έκ
744 975 792 1053 μέν
804 977 855 1058 γὰρ
864 982 909 1037 τοῦ
923 977 1031 1058 σιδήρου
1089 975 1230 1053 ύποκριτλς
1255 974 1300 1034 καί
1318 974 1435 1049 αὐλητὴς
1447 974 1494 1035 καὶ
1506 977 1558 1035 τῶν
1577 974 1724 1056 βρωμάτων
1744 976 1802 1038 ίνια
1818 979 1864 1037 καὶ

252 1069 269 1136 ἡ
285 1062 446 1145 χαλκευτικὴ
455 1062 525 1124 ὅπλα
538 1067 617 1134 ποιεῖ,
637 1062 695 1135 ἡδὲ
711 1063 848 1136 τεκτονικὴ
870 1067 900 1123 ἐκ
912 1067 965 1124 τῶν
986 1064 1030 1134 ξύ·
1084 1063 1168 1129 τᾶλλα
1183 1062 1218 1120 τδι
1232 1066 1355 1125 τοιαῦτα·
1368 1063 1445 1143 δγδιρ
1457 1062 1597 1143 ὑποκριτὴς
1614 1064 1659 1124 καί
1673 1066 1687 1121 δ
1702 1065 1818 1138 αὐλητὴς
1833 1067 1863 1125 ού

216 1214 221 1222 ,
251 1157 304 1213 λων
318 1153 411 1219 aiios<
425 1152 472 1213 καί
489 1150 579 1232 λύρας,
595 1152 629 1213 Ἡ
644 1152 673 1211 δέ
686 1153 834 1233 χρηστική,
850 1144 903 1215 οἷον
919 1154 1029 1229 ἱππική,
1085 1152 1122 1229 τῷ
1134 1152 1243 1232 ὠφελεῖν
1258 1150 1354 1228 ἀγαθὸν
1368 1142 1434 1210 είναι
1445 1150 1559 1229 λέγεται,
1573 1150 1806 1233 άλλδιτῷτέρπεεν
1816 1158 1863 1213 τοῦ

251 1251 305 1309 τοῖς
315 1243 432 1321 χαλινοῖς
440 1244 557 1319 χρῆται·
570 1246 588 1313 ἡ
603 1240 734 1317 πολεμικὴ
747 1249 803 1309 τοῖς
815 1242 919 1310 δπλοις·
934 1245 952 1314 ἡ
968 1266 1031 1321 μου·
1087 1242 1187 1317 ἀγαθοῦ
1205 1230 1283 1299 εἶναι.
1614 1268 1618 1274 ·

252 1329 313 1400 σικὴ
323 1338 377 1398 τοῖς
387 1330 476 1395 εύλοῖς
485 1327 530 1387 καὶ
543 1328 661 1410 τῇλύρφ.
672 1330 729 1401 Τῆς
737 1329 832 1409 τέχνης
841 1329 960 1409 ἄρατρία
973 1330 1029 1404 εἴδη
1126 1328 1230 1388 XXIV.
1249 1329 1336 1405 Diog.
1357 1328 1452 1389 Laert.
1481 1330 1533 1399 III,
1555 1348 1608 1387 rou
1628 1348 1636 1386 ε
1652 1330 1713 1390 Τῶν
1735 1329 1815 1389 ὄντων
1829 1329 1862 1389 τδι

250 1417 321 1477 ἐστί·
334 1419 365 1477 τδ
378 1418 425 1495 μέν
435 1440 461 1476 τι
472 1420 589 1497 πρῶτον,
601 1418 631 1477 τὸ
645 1416 707 1476 δέτι
719 1417 848 1499 δεύτερον,
861 1416 891 1476 τδ
901 1417 929 1476 δέ
938 1440 965 1477 τι
977 1420 1035 1499 τρέ·
1088 1416 1136 1494 μέν
1150 1418 1206 1477 ἔστι
1229 1417 1310 1487 κακά,
1322 1416 1355 1475 τδι
1371 1418 1393 1475 δ’
1406 1415 1504 1496 ἀγαθά,
1520 1415 1554 1474 st
1569 1414 1591 1474 δ’
1606 1416 1740 1498 οὐδέτερα.
1755 1416 1863 1477 Τούτων

249 1529 305 1568 τον.
322 1506 365 1565 cf.
380 1505 512 1583 supraV.
1086 1501 1157 1561 κακὰ
1175 1500 1223 1581 μέν
1239 1507 1323 1561 ταῦτα
1334 1503 1458 1581 λέγομεν,
1474 1502 1509 1564 τδι
1522 1502 1653 1583 δυνάμενα
1668 1505 1794 1583 βλάπτειν
1811 1506 1862 1585 oiri,

290 1593 402 1655 XXIII.
428 1594 515 1669 Diog.
538 1591 634 1651 Laert.
651 1593 704 1659 III,
723 1613 775 1650 ιοε
801 1614 809 1649 2
826 1594 852 1651 Τ
853 1589 867 1650 δ
881 1590 977 1669 ἀγαδδν
994 1594 1032 1661 εἰς
1086 1579 1138 1648 οίον
1151 1590 1281 1671 ᾶκρασίαν
1301 1590 1346 1650 καί
1361 1590 1508 1673 ἀφροσύνην
1522 1592 1567 1651 καὶ
1582 1589 1685 1651 ἀδικίαν
1699 1592 1746 1652 καὶ
1761 1591 1795 1652 εδ
1805 1616 1863 1653 τοι-

251 1682 363 1761 τέτταρα
377 1680 440 1759 γένη
453 1679 608 1759 διαιρεῖται·
619 1670 656 1737 ὧν
669 1678 697 1737 ἓν
711 1679 759 1756 μέν
770 1678 882 1756 λέγομεν
903 1668 971 1743 εἶναι
984 1680 1030 1741 τὸν
1086 1686 1168 1739 α’ῠτα·
1181 1677 1215 1737 τδι
1226 1678 1254 1737 δέ
1268 1676 1369 1747 τούτοις
1388 1680 1491 1740 ἕναντία
1503 1679 1589 1757 ἀγαθά
1601 1682 1688 1739 ἐστιν·
1700 1680 1735 1741 τδ
1749 1682 1773 1741 δ’
1782 1683 1863 1744 ένίοτε

248 1768 298 1841 τλν
318 1768 414 1849 δρετλν
439 1768 535 1846 ἔχοντα
553 1766 608 1846 tite
631 1764 745 1844 ἀγαθάν·
759 1766 825 1825 ἄλλο
839 1765 864 1827 δ’
881 1766 963 1839 αὐτὴν
982 1766 1029 1840 τὴν
1087 1766 1134 1843 μὲν
1149 1765 1266 1845 ὠφελεῖν,
1288 1766 1369 1827 ἐνίοτε
1383 1765 1411 1826 δέ
1430 1767 1567 1845 βλάπτειν,
1582 1758 1634 1828 οἷον
1658 1769 1688 1827 τδ
1708 1775 1863 1850 περιπατεῖν

250 1852 346 1933 (iperio
372 1852 419 1913 καί
439 1854 488 1925 τὴν
516 1849 680 1927 δικαιοσύνην
704 1851 814 1931 λέγομεν
837 1852 933 1930 ipsuis
950 1844 1030 1913 εἶναι·
1086 1852 1133 1913 κοιλ
1147 1854 1178 1913 τδ
1192 1856 1321 1925 καθῆσθαι
1331 1855 1376 1915 καί
1384 1855 1416 1915 τὸ
1428 1854 1557 1928 ἐσθίεινῆ
1571 1854 1639 1923 δλως
1651 1857 1719 1933 μήτε
1728 1859 1864 1940 ὠφελῆσαι

251 1940 338 2021 τρίτον
355 1941 396 2015 δὲ,
411 1933 464 2000 οἷον
485 1939 557 2000 σιτία
580 1940 626 2000 καί
640 1939 772 2018 γυμνάσια
787 1941 821 1999 τὰ
838 1940 974 2021 ὠφέλιμα·
987 1942 1032 2003 τέ·
1088 1940 1155 2020 μήτε
1176 1940 1277 2023 βλάψαι
1295 1943 1439 2021 δυνάμενα·
1458 1949 1541 2003 ταῦτα
1557 1936 1601 2004 σύν
1624 1943 1683 2005 οὔτε
1702 1946 1790 2025 δγαθδι
1804 1946 1863 2007 οὔτε

249 2053 346 2110 ταρτον
361 2029 385 2090 δ’
395 2029 540 2103 αὐλητικὴν
563 2028 609 2089 καὶ
623 2027 793 2109 ύποκριτικὴν
808 2028 905 2106 δγαθδν
920 2029 1031 2109 λέγομεν
1086 2028 1157 2089 κακά
1170 2034 1236 2090 ἐστι.
1249 2032 1311 2091 Τῶν
1323 2030 1375 2112 άρα
1389 2030 1469 2091 ὄντων
1481 2032 1514 2093 τλ
1527 2031 1575 2109 μέν
1586 2032 1725 2112 ἇγαθά,τδ
1740 2032 1768 2094 δέ
1782 2034 1862 2108 κακά,

252 2108 331 2178 εἶναι.
1086 2116 1121 2177 τά
1136 2117 1164 2177 δὲ
1180 2115 1304 2199 οὐδέτεροι
1316 2119 1425 2181 τούτων.

293 2206 368 2266 cod.
388 2204 480 2266 Marc.
505 2205 543 2264 36
561 2204 732 2285 :Arsrps'r'sus
751 2204 783 2263 τὸ
805 2203 901 2284 άγαθδν
915 2206 952 2272 εἷς
970 2204 1032 2266 τέσ·
1126 2205 1200 2266 Cod.
1216 2205 1304 2264 IIarc.
1327 2206 1364 2263 55
1387 2230 1395 2265 ε
1416 2209 1563 2286 Διαιρεῖται
1580 2206 1690 2268 ἕκαστον
1708 2212 1761 2269 τῶν
1782 2210 1863 2270 ὄντων

250 2292 336 2374 σάρα·
349 2294 406 2352 ίστι
419 2291 471 2373 γὰρ
493 2290 613 2351 αύτοδέν
638 2292 687 2369 μὲν
709 2292 790 2374 ἀρετὴ
802 2294 848 2353 καὶ
862 2292 1030 2367 δικαιοσύνη,
1087 2296 1123 2362 εἷς
1140 2291 1210 2371 τρία·
1226 2292 1282 2353 ἔστι
1295 2294 1345 2373 γδρ
1360 2292 1377 2364 ἢ
1393 2294 1489 2371 ἀγαθὸν
1506 2292 1619 2365 ἢκακδν
1633 2294 1651 2369 ἢ
1665 2296 1810 2378 οὐδέτερον.
1824 2298 1864 2359 'Io

251 2381 279 2441 δν
302 2380 375 2441 δὲτὸ
392 2381 453 2461 ἔχον
475 2380 583 2460 ἀρετάν,
598 2378 626 2439 έν
638 2378 668 2439 δὲ
689 2380 721 2441 τδ
743 2380 885 2461 συμφέρον,
902 2380 931 2441 ἓν
950 2380 978 2441 δέ
1000 2380 1032 2441 τδ
1086 2381 1133 2459 μὲν
1146 2372 1189 2441 οδν
1205 2380 1300 2463 δγαθύν
1315 2383 1385 2441 ἐστιν
1399 2382 1461 2443 ὅταν
1474 2382 1600 2465 ὠφελήσῃ
1615 2384 1674 2446 τινὰ
1687 2384 1733 2445 καὶ
1752 2387 1782 2448 οὗ
1796 2388 1862 2467 βλά-

248 2470 358 2549 τερπνδν
373 2468 418 2527 καὶ
431 2467 462 2527 τδ
475 2466 587 2539 ἥδεσθαι
607 2472 708 2529 ποιοῦν.
724 2459 790 2528 Οίον
811 2467 893 2547 piperi
913 2468 961 2546 μίν
984 2467 1030 2528 καί
1083 2474 1132 2549 ψῃ,
1147 2472 1176 2529 τδ
1200 2470 1228 2531 δέ
1252 2471 1333 2531 κακδν
1348 2470 1411 2532 ὅταν
1437 2472 1542 2553 βλάπτῃ
1560 2472 1613 2546 tet,
1629 2473 1660 2533 τὸ
1676 2471 1705 2533 δέ
1728 2472 1862 2555 ούδέτερον

250 2555 405 2629 δικαιοσύνη
421 2554 576 2616 ὅτιτούτων
596 2556 718 2637 ἑκάτερον
727 2556 823 2633 ἀγαθὸν
833 2556 938 2634 λέγεται
949 2549 1029 2636 εἶναι,
1084 2558 1149 2638 ὅπερ
1164 2559 1226 2618 ποτέ
1238 2558 1285 2636 μέν
1303 2558 1398 2639 βλάψει
1412 2558 1476 2619 ποτέ
1490 2558 1518 2619 δέ
1526 2558 1669 2639 ὠφελήσει,
1684 2548 1737 2620 οἷον
1749 2563 1774 2621 οἱ
1786 2560 1862 2653 περί-

250 2750 322 2812 dore,
339 2752 368 2800 ot
385 2750 407 2800 si
426 2750 482 2813 quis
502 2749 579 2800 ceruit
598 2750 691 2812 oeulis,
711 2748 913 2811 seditiosius,
933 2750 1030 2799 usuum
1083 2749 1238 2814 quartaquod
1250 2749 1381 2811 iucundum
1393 2754 1430 2800 ost
1442 2752 1467 2801 et
1484 2750 1548 2813 quod
1564 2750 1677 2802 obtsotrt.
1696 2753 1783 2804 Virtus
1792 2758 1816 2805 et
1825 2754 1862 2815 p'u·

249 2844 366 2905 pretereo
376 2845 402 2891 et
412 2840 463 2891 oris
481 2852 554 2891 sessu
567 2840 632 2891 vetet
645 2840 688 2891 ubi
703 2853 766 2904 opus
777 2842 831 2901 est;
845 2839 1030 2903 prosperitatem
1080 2838 1204 2888 suuvsro
1213 2836 1276 2899 quod
1293 2838 1395 2900 utroquo
1407 2836 1497 2887 bouum
1509 2849 1562 2887 esse
1572 2836 1670 2899 dieitur,
1685 2838 1739 2901 stis,
1751 2838 1863 2901 estquod

248 2943 331 2981 rerum
343 2941 411 2991 esse,
429 2927 647 2992 unumquisque}
659 2939 729 2990 spero
743 2927 859 2990 ἰοίεοδίι,
872 2928 1029 2991 reeteegerr't,
1083 2924 1196 2975 virtutem
1208 2923 1281 2974 hebet
1296 2927 1323 2974 ut
1340 2936 1416 2987 equus
1427 2925 1452 2975 st
1470 2924 1543 2974 homo
1554 2926 1579 2974 et
1590 2937 1646 2988 ηοω
1661 2924 1734 2987 huius
1750 2928 1808 2976 sort
1820 2939 1862 2989 ge·

249 3022 276 3068 ut
287 3017 355 3069 isset
366 3018 491 3067 strenuom
507 3015 602 3076 virum,
616 3015 705 3065 οοοαεο
718 3013 869 3079 opinionem,
886 3028 963 3079 quum
972 3015 1028 3079 quis
1080 3013 1161 3075 ueris;
1173 3024 1259 3063 eorum
1270 3012 1335 3063 euim
1346 3010 1509 3076 quodeunque
1519 3010 1610 3063 bouum
1619 3025 1673 3065 esee
1688 3012 1776 3064 dioiiur
1787 3026 1862 3078 quum

249 3107 310 3157 bers
324 3104 405 3168 oudit;
421 3117 504 3155 rerum
517 3102 683 3166 attinentium,
701 3116 776 3166 quum
790 3101 830 3153 eui
846 3101 877 3151 εδ
895 3102 952 3153 ritu
967 3116 1027 3153 usus
1081 3099 1193 3150 rinrrtsm
1202 3098 1281 3151 hohst-
1294 3097 1364 3158 Quod
1378 3098 1436 3149 otiis
1446 3111 1505 3149 rero
1518 3100 1565 3162 est,
1580 3102 1608 3151 ut
1623 3098 1731 3164 eorporis
1742 3100 1860 3153 exoretu-

248 3195 281 3243 its
294 3192 398 3256 suppetit
414 3191 569 3255 pecuniarum
581 3190 664 3253 oopio,
675 3192 704 3240 ut
715 3192 742 3241 et
752 3189 845 3240 smiurs
854 3189 936 3241 iorere
953 3189 1027 3241 beue·
1080 3188 1156 3239 tiones
1167 3190 1193 3239 et
1203 3188 1376 3241 mortemue
1386 3190 1412 3240 et
1422 3188 1468 3239 otis
1485 3201 1541 3253 quos
1558 3189 1589 3239 οδ
1602 3190 1690 3241 berum
1701 3190 1861 3243 valetudinem

248 3281 304 3331 tieio
320 3294 350 3331 ao
370 3278 509 3344 repetitu
523 3280 640 3330 oroaudo
651 3281 676 3330 et
695 3278 839 3341 adjurando
862 3278 986 3344 ορΙουδΙδο
1003 3281 1030 3331 et
1079 3278 1104 3327 et
1119 3273 1245 3327 οοιιίιείοοι
1264 3276 1373 3341 eorporis
1393 3277 1528 3340 μετάδοσις
1550 3290 1634 3328 eorum
1650 3276 1716 3329 euim
1731 3278 1859 3341 quodeun-

249 3369 313 3432 urps
334 3369 446 3432 sumptus
464 3368 543 3418 tooere
562 3366 646 3431 possit
668 3371 745 3418 Porro
763 3366 803 3417 oui
827 3366 882 3417 troo
901 3369 1029 3439 suppetunt
1080 3363 1172 3426 quettli
1183 3362 1273 3415 bouum
1291 3374 1345 3413 esse
1356 3361 1445 3413 dieitur
1455 3364 1495 3414 oui
1507 3362 1566 3415 uttts
1579 3364 1624 3415 sss
1643 3364 1783 3417 Juooudum
1802 3378 1860 3415 rero

247 3456 340 3515 omnis,
360 3469 416 3505 euru
429 3455 535 3518 perfeeto
550 3454 644 3505 [δίσκοι
661 3468 691 3506 ee
704 3454 801 3505 hostum
820 3467 883 3505 esse.
897 3454 1028 3505 Fetieitrtis
1079 3454 1104 3501 et
1117 3450 1183 3514 οοοδ
1199 3451 1303 3503 obleotst
1317 3452 1344 3501 ut
1356 3449 1443 3501 tristrio
1462 3452 1486 3503 et
1501 3451 1590 3503 tibicen
1602 3454 1627 3503 et
1643 3452 1754 3503 oiborum
1763 3451 1861 3515 putrium

248 3544 319 3607 igitur
327 3557 376 3593 uro
386 3542 483 3607 quidem
495 3556 551 3607 pers
562 3545 601 3593 est
613 3542 720 3607 prudeus
727 3542 869 3603 eonsilium,
887 3542 962 3594 attere
971 3556 1028 3594 seu·
1080 3541 1104 3589 et
1117 3538 1164 3588 stis
1180 3538 1252 3616 trup'us
1268 3537 1369 3603 geosris.
1396 3538 1486 3589 iitstrio
1510 3539 1573 3589 euim
1590 3542 1615 3592 et
1634 3539 1722 3593 tibtosu
1738 3538 1794 3591 boui
1812 3554 1860 3591 uon

249 3642 321 3677 soum
338 3628 461 3691 integritas
476 3630 502 3679 st
518 3629 627 3691 eorporis
641 3629 768 3692 valetudo,
787 3628 857 3680 tertis
876 3641 957 3680 rerum
970 3642 1027 3693 pro·
1079 3625 1191 3677 dicuntur
1212 3626 1275 3688 quod
1297 3627 1411 3691 prosunt,
1425 3626 1467 3677 sed
1486 3626 1550 3689 quod
1569 3627 1697 3679 obisotstio
1721 3628 1783 3679 iuter
1799 3628 1860 3679 bono

249 3714 361 3777 speritos,
372 3716 457 3775 quoru
464 3714 529 3763 bom
538 3715 634 3777 opinio,
644 3716 726 3779 quintu
739 3729 820 3766 rerum
831 3714 961 3766 stttueutiu.
1080 3714 1183 3777 ponitur.

280 3802 359 3851 xxti.
375 3802 448 3851 Artes
463 3800 580 3851 trifariam
593 3801 691 3867 dividit,
705 3803 864 3867 quaternatio
877 3803 968 3868 prims,
983 3804 1028 3855 otto
1112 3802 1198 3850 xxiv.
1219 3804 1309 3851 Eorum
1322 3812 1377 3863 quos
1390 3802 1446 3851 suut
1461 3800 1572 3863 quedam
1583 3798 1686 3851 dicimus
1697 3802 1776 3865 muts,
1792 3814 1860 3865 quss-

247 3886 366 3947 κοοοοδο,
385 3886 432 3936 otis
443 3888 515 3939 tertis
527 3889 574 3939 est
588 3887 670 3937 Primo
681 3887 708 3939 tu
720 3890 861 3939 trsotstioue
878 3888 1029 3940 metatorum
1081 3888 1136 3939 δοιιι
1147 3889 1222 3951 boue,
1237 3888 1283 3939 ulia
1294 3890 1386 3939 neutra.
1400 3891 1437 3939 Ex
1450 3888 1489 3939 his
1500 3888 1561 3939 mota
1573 3888 1676 3940 dioimus
1687 3902 1716 3941 es
1729 3903 1784 3953 φοιο
1795 3903 1860 3941 sem·

247 3976 366 4039 tignisque
378 3974 500 4027 οοδσιιδίο
511 3978 620 4037 ωονίαίς
633 3977 759 4027 materiem
776 3976 841 4027 euim
854 3976 975 4041 prostent3
991 3990 1028 4028 se·
1081 3990 1123 4040 per
1139 3989 1226 4027 uooere
1240 3978 1355 4041 possunt,
1369 3978 1396 4027 ut
1412 3976 1610 4041 intemperantis,
1624 3976 1758 4040 dementis,
1770 3978 1859 4041 iniqui-

246 4063 326 4114 αοειδο
342 4076 384 4114 ers
399 4063 478 4115 rersrii
489 4068 515 4115 et
530 4064 607 4129 tabu,
621 4078 677 4128 quos
691 4078 723 4115 ex
734 4063 774 4115 his
785 4064 896 4116 mutieist
913 4064 1002 4130 aliquid
1019 4080 1026 4115 :
1078 4068 1116 4115 tus
1129 4067 1153 4116 et
1162 4064 1314 4128 huiusmodi;
1325 4064 1400 4126 boor,
1413 4077 1467 4129 οοιο
1482 4064 1519 4115 tris
1533 4064 1652 4117 ooutrsris
1661 4066 1732 4129 suut;
1745 4065 1793 4116 stis
1800 4079 1856 4129 quse

248 4166 306 4203 uum
317 4165 348 4202 ex
363 4152 428 4203 terro
439 4152 540 4203 sterius
549 4165 617 4203 οιιιιο
628 4153 738 4216 fabricat,
757 4166 789 4205 er
802 4154 871 4218 tignis
883 4153 949 4204 tuber
957 4152 1029 4205 tibias
1080 4150 1199 4202 Interdum
1209 4149 1337 4215 prodesse,
1350 4150 1470 4203 interdum
1491 4151 1577 4203 obesse
1592 4153 1708 4216 possunt,
1723 4152 1859 4214 cuiusmodi

246 4242 272 4289 et
283 4240 349 4304 tyros
368 4259 376 4290 a
396 4240 468 4289 tertio
485 4238 510 4290 iu
527 4253 574 4290 usu
592 4252 675 4290 esrum
693 4254 772 4291 rerum
788 4244 841 4303 est,
861 4243 889 4291 ut
908 4240 1028 4305 equestris
1076 4242 1136 4293 suut
1153 4237 1296 4301 umbritstio,
1311 4238 1402 4302 sessio,
1420 4239 1516 4305 sibique
1535 4239 1671 4303 perceptio,
1682 4242 1725 4291 sut
1736 4253 1792 4303 quo
1804 4254 1858 4291 om·

246 4334 296 4376 rrs'
304 4326 379 4377 irenis
395 4326 481 4390 utimr,
496 4327 571 4377 ermis
581 4340 621 4379 ors
632 4327 732 4391 belim,
748 4328 840 4379 ιοοοίοε
850 4328 915 4379 tibiis
928 4333 954 4379 et
964 4330 1027 4392 Ιςεε.
1080 4327 1136 4377 uiuo
1147 4338 1224 4391 ιιοφοο
1236 4326 1349 4391 prodesse
1358 4328 1474 4392 possunt,
1487 4340 1564 4391 oeque
1574 4326 1660 4379 obesse
1673 4347 1681 4378 ι
1692 4340 1719 4377 es
1730 4326 1802 4393 igitur
1815 4340 1857 4378 ue·

246 4411 311 4463 Artis
322 4412 394 4476 igitur
408 4414 458 4462 tres
470 4412 562 4475 speeies
576 4416 647 4477 suut,
659 4414 751 4478 prims,
764 4413 883 4477 οοοιιοδι,
899 4414 979 4465 orer.
1080 4428 1127 4479 que
1139 4416 1263 4467 bouoesse
1272 4427 1350 4479 reque
1361 4415 1528 4466 molosorum
1539 4428 1596 4479 ergo
1606 4428 1663 4480 queo
1674 4418 1731 4467 suut
1745 4416 1792 4467 stis
1802 4417 1859 4466 suut

279 4500 371 4551 xxtii.
389 4501 482 4551 tiorum
503 4500 529 4550 iu
548 4503 662 4565 quattuor
680 4514 768 4565 gerere
782 4501 906 4565 dividitur,
924 4514 1028 4565 quorum
1080 4501 1154 4564 bora,
1168 4503 1215 4553 otis
1228 4503 1305 4564 moto,
1318 4503 1364 4553 etis
1377 4506 1469 4555 neutra.

249 4600 325 4639 uuum
341 4588 446 4640 orimus
457 4602 527 4653 esse,
541 4605 617 4654 quum
633 4591 689 4654 quis
701 4591 790 4642 uirtute
800 4590 918 4655 prostitue
931 4589 1028 4657 proprIe
1112 4598 1150 4643 55.
1166 4594 1256 4642 Eorum
1268 4604 1325 4656 quse
1338 4598 1395 4642 sunt
1406 4590 1566 4657 quodeunque
1575 4593 1599 4643 iu
1611 4592 1657 4643 trie
1674 4590 1805 4642 dividitur:
1819 4594 1857 4644 est

248 4678 325 4729 bouus
345 4677 390 4740 οἰδ,
412 4677 476 4729 auur
496 4691 555 4731 sero
572 4682 687 4731 virtutem
709 4680 788 4745 ipsam
806 4680 856 4742 tam
872 4680 897 4729 et
910 4678 1027 4741 iustitium
1080 4680 1146 4729 enim
1165 4678 1217 4729 stre
1238 4679 1345 4741 bonum,
1362 4679 1414 4730 sire
1428 4681 1533 4741 rustum,
1554 4681 1605 4731 sire
1627 4682 1746 4731 neutrum.
1763 4680 1857 4729 Bonum

247 4764 415 4830 uomimmus;
436 4766 534 4817 tertium
556 4768 630 4818 vetuti
650 4768 732 4831 sibor,
752 4765 892 4819 oomrrodos
909 4768 1028 4819 exercito-
1078 4770 1157 4819 sutem
1168 4769 1293 4832 estonum
1306 4767 1438 4831 protestet
1452 4782 1500 4817 uon
1511 4770 1594 4827 uocet,
1605 4768 1694 4817 rustum
1711 4764 1775 4829 quod
1786 4772 1856 4817 nooet

248 4853 326 4904 tiores
345 4866 374 4905 so
385 4854 571 4916 οιοδίοαιοτιιίες
583 4859 696 4920 quartum
710 4856 774 4908 tibiis
789 4854 890 4908 eruendi
905 4855 990 4921 peritis
1002 4857 1027 4907 et
1078 4868 1182 4920 semper,
1198 4857 1310 4905 neutrum
1322 4868 1380 4906 rsro
1395 4854 1458 4919 quod
1477 4855 1595 4905 interdum
1616 4852 1719 4915 nocebit,
1736 4852 1855 4905 uersum

157 4967 162 4976 ·
248 4939 371 4992 histrionis
383 4943 471 4994 dieitur
477 4947 502 4995 et
513 4944 604 5008 reitquo
613 4945 665 5008 eius
673 4946 776 5009 generis.
1078 4942 1196 5009 proderii,
1207 4946 1233 4993 ut
1247 4942 1432 5003 ambulationes,
1446 4942 1538 5001 νοοιοὶ,
1551 4940 1669 4991 elieborus
1680 4942 1704 4991 et
1713 4953 1768 5005 quo
1785 4938 1856 5003 hujus

279 5030 317 5076 ts.
326 5028 449 5079 Bouumtn
458 5033 572 5093 quattuor
580 5032 798 5094 purterdiriditur:
812 5044 859 5082 uos
869 5032 907 5081 est
916 5030 992 5082 virtus
1000 5033 1026 5083 et
1077 5034 1134 5082 suut
1149 5032 1256 5095 generis,
1273 5033 1298 5083 et
1317 5044 1345 5081 eu
1357 5044 1412 5094 quo
1430 5042 1508 5094 oeque
1523 5026 1642 5079 uooebuut
1661 5028 1760 5079 omniuo
1778 5041 1856 5093 osque

246 5112 347 5175 iustitio,
362 5116 436 5190 sIters
448 5118 512 5180 quod
525 5116 598 5168 hebet
611 5118 732 5183 virtuter,
742 5120 810 5171 tertis
819 5117 884 5183 quod
898 5118 955 5170 utile
969 5121 1022 5181 est,
1077 5123 1215 5182 proderunt.
