4017 5984
949 451 1105 513 PEPLUS.

215 594 353 649 Mineruae
372 594 488 645 uictoria
501 593 530 643 in
550 590 701 645 Titanos...
714 586 773 641 Scri
792 604 826 640 eo
846 590 982 659 respexit,

211 686 325 755 quistet
344 691 517 733 strenuorum
531 694 637 749 quoque
650 675 750 728 ducum
771 672 888 729 Athenis
907 686 988 745 gestu

214 773 244 822 in
259 769 344 843 peplo
358 766 467 821 iistecta
481 766 583 837 templo
603 766 741 817 Minerua·
762 762 986 836 imponebantur.

218 856 315 928 Quare
332 866 360 908 et
374 854 534 909 Aristoteles
550 852 647 905 librum
666 868 759 917 suuni,
778 868 859 923 quenz
882 850 918 902 dc
938 850 988 904 be·

215 961 293 999 mum
308 942 422 996 terrulis
433 938 610 1011 confecerat,
623 940 741 1013 Puplum
761 942 877 993 uocauit.
898 933 988 993 Erro·

218 1047 280 1085 rem
299 1027 350 1103 qui
370 1026 401 1083 in
415 1025 463 1083 his
477 1028 552 1083 inest
564 1024 657 1082 vitare
677 1044 736 1083 non
748 1022 844 1101 potuit
854 1026 900 1081 vir
909 1023 988 1080 omni

218 1114 303 1173 laude
315 1110 421 1188 'ruajor,
439 1116 550 1193 quippe
571 1115 622 1190 qui
637 1132 731 1191 neque
747 1112 894 1191 Anonymi
910 1112 989 1169 indi-

213 1212 280 1261 'cem
296 1222 390 1281 neque
405 1200 595 1261 Scholiastem
609 1199 749 1259 Aristidis
770 1213 908 1271 noverat,
922 1200 987 1277 qui·

216 1289 274 1349 bus
289 1290 363 1348 illud
376 1302 455 1347 certo
467 1290 604 1361 eflicitur,
616 1302 817 1364 argumentum
831 1287 915 1366 Pepli
930 1308 988 1345 non

217 1378 250 1435 in
264 1375 443 1435 celebrandis
456 1376 656 1445 tantummodo
667 1375 788 1433 heroum
801 1375 918 1434 tumulis
932 1376 989 1433 cir·

216 1465 429 1541 cumscriptum
444 1463 548 1540 fuisse,
563 1463 614 1521 sed
637 1462 729 1520 multo
743 1462 831 1519 latius
849 1461 986 1538 patuisse.

220 1548 263 1606 lte
285 1562 460 1625 qua'tamen
491 1569 523 1607 re
551 1547 714 1607 accuratius
741 1547 858 1606 definiri
891 1550 992 1625 nequit

215 1650 340 1715 'propter
364 1636 553 1714 reliquiarum
579 1636 743 1714 penuriam,
759 1654 881 1711 quarum
905 1636 991 1711 longe

220 1725 346 1781 inaxima
367 1743 436 1799 pars
461 1724 533 1801 ipsis
550 1724 615 1781 istis
633 1724 793 1801 epitaphiis
819 1736 930 1781 constat
955 1724 992 1781 de

218 1808 328 1887 quibus
341 1809 402 1885 jam
417 1808 575 1868 videndum
590 1809 676 1868 nobis
691 1814 758 1869 erit.

258 1897 332 1957 Tres
347 1910 415 1955 sunt
427 1896 537 1955 diversi
553 1898 645 1955 soutes
656 1897 763 1974 quibus
777 1895 838 1954 haec
851 1898 992 1975 epigram·

220 1978 453 2041 mattdebemus.
467 1985 726 2059 Longemaximam
735 1998 845 2063 partem
853 2005 889 2042 ex
895 1997 993 2043 vetere

216 2068 347 2146 quodam
362 2068 498 2129 Mediceae
511 2069 695 2130 bibliothecae
711 2072 811 2130 codice
824 2072 925 2152 (Leuc.
942 2072 991 2144 56,

224 2178 237 2213 1
249 2154 351 2216 bomb.
365 2175 422 2215 sec.
438 2157 484 2237 13)
496 2158 531 2218 ll.
544 2158 706 2237 Stephanus
712 2173 779 2239 post
787 2160 992 2235 huthologiam

219 2242 396 2303 Planudeam
410 2244 523 2306 Gener.
540 2247 627 2319 1566,
640 2269 672 2327 p.
690 2256 746 2324 497
765 2248 870 2320 edidit,
884 2248 940 2306 hoc
953 2248 991 2305 ti-

220 2336 280 2391 tulo
295 2356 302 2391 t
313 2335 369 2392 [loir
379 2332 488 2400 ἕκαστος
498 2338 548 2393 τῶν
564 2334 698 2409 Ἑλλήνων
706 2336 799 2417 ἡρώων
808 2336 936 2395 τέθαπται
947 2335 992 2394 καλ

219 2424 244 2478 τί
256 2420 448 2501 ἐπιγέγραπται
458 2426 496 2503 τῷ
508 2423 594 2503 τάφῳ.
610 2426 772 2484 Aristotelis
786 2446 893 2484 nomen
905 2428 936 2484 in
945 2448 993 2483 co·

217 2510 285 2566 dire
303 2529 361 2566 non
384 2522 427 2567 est
444 2510 594 2584 additum,
609 2512 658 2570 scd
677 2512 894 2590 subsequuntur
915 2533 993 2569 non-

203 2586 301 2653 ‘uulla
317 2609 452 2674 excerpta
464 2597 500 2654 de
526 2599 586 2656 vita
607 2600 782 2658 Aristotelis.
799 2599 994 2657 Hanccollec-

222 2688 351 2761 sionem,
366 2686 417 2759 qui
442 2682 489 2742 bis
513 2686 645 2763 repetiit,
671 2686 706 2746 G.
732 2685 872 2747 Canterus
895 2686 993 2761 (basil.

225 2774 299 2830 1566
314 2786 343 2830 et
357 2773 450 2833 Autv.
467 2773 566 2848 1571),
580 2773 711 2850 primus,
738 2786 769 2831 ut
780 2786 891 2852 partem
906 2773 990 2851 Pepli

221 2861 371 2920 Aristoteli
385 2859 563 2937 vindicavit,
575 2860 718 2920 Eustathii
731 2880 800 2919 usus
815 2862 992 2935 testimonio,

219 2946 298 3027 apud
320 2965 406 3025 quem
431 2945 562 3023 quaedam
587 2948 691 3007 horum
716 2950 955 3026 epigrammatum
978 2972 995 3011 e

220 3034 380 3113 Porphyrii
403 3036 619 3095 commentariis
633 3038 664 3095 in
680 3037 836 3096 Homerum
861 3053 996 3118 excerpta

220 3124 366 3199 leguntur.
383 3120 436 3180 llis
457 3122 588 3200 duobus,
607 3125 709 3182 tertius
723 3124 849 3202 denique
869 3127 934 3185 lons
948 3148 994 3186 ac·

219 3212 322 3283 cessit,
338 3208 475 3281 Taetzes,
490 3211 522 3267 in
538 3211 622 3287 cujus
645 3211 794 3271 codicibus
816 3215 879 3271 sive
895 3215 995 3275 Matri·

221 3296 354 3356 tensibus
379 3296 416 3356 ab
435 3297 539 3356 lriarte
561 3299 693 3371 collatis,
719 3302 815 3359 saut.
829 3305 907 3363 Brut.
928 3306 995 3360 Mu·

219 3393 280 3444 trit.
303 3406 331 3460 p.
346 3385 393 3441 '86
415 3404 461 3461 sq.
476 3399 504 3443 et
519 3388 576 3443 οὔθ
593 3406 638 3463 sq.
653 3407 705 3447 seu
717 3387 874 3447 llarleiano
888 3434 895 3461 ,
909 3410 995 3467 quem

222 3471 351 3547 inspexit
364 3470 419 3529 Th.
432 3472 568 3547 Burgess,
584 3472 668 3553 Pepli
682 3475 870 3552 reliquiarum
887 3477 993 3550 editor,

221 3556 393 3629 Dunelmiae,
410 3558 496 3633 1798,
505 3560 543 3618 cf.
555 3564 636 3618 Dior.
647 3566 737 3621 class.
745 3566 878 3623 Briturtrt.
889 3576 909 3623 l.
923 3563 997 3637 XIV,

221 3665 252 3721 p.
270 3666 323 3717 τρο
339 3664 416 3721 sqq.,
432 3646 544 3720 aliquot
564 3648 682 3705 aliunde
700 3651 801 3725 ignota
814 3652 915 3711 insunt
934 3654 994 3731 epi

220 3744 391 3805 grammata.
410 3730 521 3788 Similis
536 3734 670 3791 collectio
685 3738 899 3817 epitaphiorum
913 3741 997 3800 inno-

223 3830 318 3874 tuerat
354 3819 503 3895 Ausonio,
532 3820 583 3896 qui
613 3841 713 3880 eorum
737 3838 847 3901 partem
875 3826 998 3887 liberius

227 3903 318 3961 latinu
339 3923 471 3963 sermone
485 3908 646 3985 expressit,
662 3908 716 3967 hac
731 3913 880 3987 praemissa
895 3916 998 3992 praeia·

227 3991 330 4051 tione:
350 3995 398 4049 Ad
416 4014 474 4049 reru
493 4000 632 4068 pertinere
657 4004 831 4073 cristiniavi,
844 4014 908 4061 ut...
928 4006 997 4081 Epi·

223 4080 325 4153 taphia
346 4082 545 4150 subnecterem,
574 4088 678 4141 scilicet
708 4090 803 4144 titulos
829 4092 999 4165 sepulcrales

226 4168 356 4237 heroum,
376 4176 425 4244 qui
440 4173 513 4227 bello
534 4174 628 4229 Troico
651 4172 842 4245 iuterfuerunt.
858 4180 932 4249 Quoe
945 4200 999 4235 an-

226 4262 300 4329 tiqua
309 4277 391 4331 qutun
401 4262 479 4333 apud
481 4260 653 4337 philologum
664 4265 805 4337 quendam
823 4274 996 4341 reperissem,

226 4342 328 4400 Latino
336 4365 462 4403 sermone
473 4355 591 4403 converti
601 4350 652 4425 (1).

251 4481 405 4537 (tmepoetis
414 4482 554 4539 quibusdam
563 4486 605 4539 qul
614 4487 732 4543 epitaphia
740 4490 764 4535 ln
772 4490 998 4539 heroasllomerioos

224 4546 381 4656 qrqppsulsm
390 4546 503 4600 teruntur,
513 4548 640 4603 prasertim
649 4548 678 4595 cle
691 4551 815 4609 Posidippo
825 4553 855 4599 cl.
865 4554 947 4610 Bergk.
959 4556 974 4601 Ι.
981 4558 998 4602 l.

1758 450 1813 509 311

1084 584 1126 641 De
1139 583 1212 661 ipsis
1232 582 1280 642 bis
1299 580 1456 661 epitaphiis
1469 583 1511 641 ita
1523 584 1623 641 statuit
1646 582 1769 655 Rosius,
1783 602 1818 641 ea

1043 691 1061 727 a
1076 672 1166 730 variis
1185 673 1281 749 poetis
1303 670 1385 742 ficta,
1402 669 1632 749 apeplographo
1652 671 1773 729 collecta
1788 683 1819 729 et

1043 759 1127 835 operi
1140 778 1193 817 suo
1209 758 1317 817 inserta
1326 776 1399 817 esse.
1413 756 1525 816 Unicus
1537 770 1580 816 est
1593 757 1694 816 titulus
1707 757 1744 816 de
1757 778 1817 835 quo

1043 846 1100 905 hoc
1125 848 1269 905 affirmare
1290 847 1358 905 licet
1381 847 1614 924 (15‚ef.etiam
1641 847 1703 922 64),
1727 848 1816 905 ceteri

1044 954 1115 993 vero
1129 954 1230 994 omnes
1251 935 1321 993 tales
1343 948 1428 1006 sunt,
1441 948 1471 992 et
1483 935 1540 993 hoc
1559 934 1677 1011 quidem
1692 933 1816 1009 Berglsio

1044 1024 1211 1082 acutissimo
1230 1023 1331 1100 judice
1347 1023 1379 1101 (l.
1401 1023 1421 1083 l.
1438 1044 1467 1101 p.
1479 1022 1561 1098 648),
1581 1036 1613 1080 ut
1626 1022 1672 1080 vel
1688 1022 1817 1083 imitatus

1044 1114 1081 1168 sit
1106 1111 1272 1187 antiquiora
1299 1112 1448 1186 carmina,
1473 1110 1517 1168 vel
1538 1111 1601 1187 ipse
1624 1109 1742 1166 finxerit
1765 1128 1816 1186 pe·

1044 1200 1235 1277 plographus,
1248 1199 1324 1277 apud
1339 1218 1424 1276 quem
1438 1215 1551 1257 sumnia
1573 1197 1685 1272 ingenii
1707 1196 1817 1255 medio·

1044 1288 1134 1345 critas
1151 1301 1180 1345 et
1193 1288 1336 1346 sermonis
1351 1289 1474 1345 tenuitas
1495 1286 1605 1365 ubique
1624 1286 1817 1363 deprehende

1044 1388 1103 1434 tur.
1113 1374 1197 1444 Quod
1206 1376 1242 1447 si,
1255 1388 1287 1433 ut
1292 1375 1425 1452 equidem
1433 1389 1514 1453 puto,
1529 1376 1715 1436 verissimum
1720 1373 1816 1451 estja-

1044 1464 1165 1535 dicium,
1181 1464 1265 1522 vides
1272 1483 1359 1541 quam
1373 1465 1476 1541 procul
1487 1484 1505 1521 a
1518 1483 1591 1521 vero
1603 1462 1815 1535 aberraverint,

1045 1553 1213 1630 quicunque
1226 1572 1262 1611 ex
1275 1564 1333 1610 tam
1347 1552 1446 1629 inepto
1460 1566 1488 1609 et
1500 1550 1605 1628 jejuno
1624 1570 1714 1628 opere
1727 1550 1819 1628 poeti·

1046 1657 1108 1694 cam
1117 1639 1243 1716 aliquam
1252 1639 1817 1714 laudemAristoteliconciliarcaggr'essi

1045 1737 1124 1784 sunt.

1086 1809 1188 1869 Totam
1215 1812 1289 1870 hanc
1303 1813 1528 1888 disputationem
1546 1814 1653 1872 melius
1678 1814 1817 1872 concludi

1046 1917 1132 1974 posse
1150 1918 1208 1957 non
1227 1913 1298 1978 puto
1310 1921 1397 1978 quam
1409 1903 1550 1979 appositis
1571 1903 1688 1977 Bergkii
1703 1902 1817 1980 'saepius

1044 1985 1104 2062 jam
1127 1986 1248 2046 anobis
1262 1988 1370 2047 laudati
1393 1990 1493 2048 verbis
1516 2012 1524 2048 ι
1549 2018 1562 2042 «
1590 1991 1677 2060 Quod
1698 1992 1724 2049 si
1744 1992 1816 2049 ido·

1049 2093 1167 2133 neorum
1191 2078 1306 2135 testium
1330 2080 1500 2137 auctoritate
1531 2092 1690 2151 constaret,
1715 2078 1817 2157 philo·

1048 2162 1170 2243 sophum
1196 2164 1319 2242 Peplum
1344 2168 1508 2243 scripsisse,
1525 2166 1700 2226 censendum
1726 2168 1816 2239 foret,

1048 2254 1137 2311 alium
1158 2272 1244 2331 quem
1262 2266 1363 2333 postea
1380 2254 1442 2313 haec
1464 2256 1641 2334 epitaphiaa
1656 2274 1688 2313 se
1700 2256 1819 2314 condita

1049 2342 1144 2400 alieno
1167 2344 1248 2419 operi
1272 2344 1492 2419 intertexuisse,
1513 2364 1608 2423 neque
1632 2358 1727 2404 tamen
1753 2345 1825 2405 veri

1049 2431 1154 2489 similis
1169 2445 1211 2490 est
1225 2433 1286 2490 haec
1297 2435 1445 2511 suspicio,
1460 2437 1551 2511 igitur
1564 2435 1734 2495 universnm
1744 2455 1819 2513 opus

1050 2519 1199 2577 Aristoteli
1233 2520 1410 2601 philosopho
1441 2524 1679 2602 abjudicandum.
1713 2524 1819 2605 Operis

1050 2604 1138 2682 liujus
1162 2620 1263 2666 auctor
1292 2623 1388 2667 utrum
1414 2612 1583 2692 philosophi
1606 2634 1712 2674 nonten
1742 2610 1819 2673 mala

1052 2694 1152 2751 fraude
1164 2708 1311 2755 mutuatus
1322 2718 1359 2755 an
1374 2719 1478 2758 revera
1490 2702 1661 2761 Aristoteles
1677 2706 1818 2762 vocitatus

1050 2781 1103 2853 sit,
1117 2782 1148 2840 in
1166 2782 1263 2839 medio
1279 2785 1452 2862 relinquam.
1467 2812 1480 2837 υ

1363 2959 1374 2996 ι
1400 2940 1507 3016 (ιιι).

1089 3094 1186 3157 Schol.
1203 3099 1239 3155 ad
1255 3100 1378 3161 Aristid.
1401 3101 1522 3160 Panath.
1537 3126 1568 3181 p.
1585 3106 1650 3181 189,
1674 3114 1704 3176 4,
1729 3119 1750 3168 t.
1766 3105 1821 3185 lli,

1051 3203 1081 3260 p.
1099 3185 1155 3242 323
1173 3186 1218 3246 ed.
1234 3188 1369 3249 Diodori.
1385 3190 1421 3251 ad
1433 3190 1523 3251 verba
1536 3214 1543 3249 ε
1558 3192 1738 3261 Ένδοξότατοι
1753 3192 1820 3251 τάν·

1050 3294 1102 3328 των
1116 3273 1223 3331 οἱκατὰ
1247 3275 1296 3347 τήν
1313 3274 1431 3337 Ἑλλάδα
1456 3280 1562 3360 ἀγῶνες·
1584 3279 1630 3339 καὶ
1655 3280 1702 3359 μὲν
1723 3279 1822 3341 τούτων

1051 3359 1232 3438 πρεσύύτατος
1256 3367 1336 3423 ὁτῶν
1361 3365 1519 3443 Ἀθηναίων,
1535 3370 1559 3427 εἰ
1582 3367 1609 3426 δὲ
1625 3366 1713 3448 βούλει
1734 3374 1748 3431 ὁ
1769 3376 1821 3432 τῶν

1051 3445 1218 3505 Ἐλευσινίων
1249 3469 1256 3507 ;
1283 3448 1321 3510 Ἦ
1345 3452 1416 3521 τάξις
1438 3458 1490 3513 τῶν
1514 3456 1621 3535 ἀγώνοιν
1642 3456 1711 3515 καθλι
1729 3456 1824 3541 Ἀρι-

1052 3533 1153 3593 στυτέ
1159 3537 1218 3607 λης
1239 3538 1418 3619 ἀναγροίρεται
1439 3542 1495 3621 (ita
1515 3544 1580 3604 cod.
1596 3545 1735 3605 Marciae.
1752 3561 1823 3609 teste

1052 3622 1152 3699 llosio,
1167 3626 1254 3683 ceteri
1269 3627 1339 3686 κατὰ
1351 3630 1536 3706 Ἀριστοτέλην
1550 3633 1714 3713 γράφεται)·
1729 3638 1822 3715 πρῶτα

1052 3711 1100 3787 μὲν
1109 3712 1294 3773 τὰἘλιυσίνια
1302 3716 1822 3806 θιθτθνκαριτὸντῆςΔήμητρος·θιύτερα

1053 3800 1079 3861 δὲ
1092 3798 1125 3858 rb
1137 3802 1307 3874 Παναθήναια
1321 3804 1364 3863 ἰπὶ
1376 3806 1476 3888 Ἀστέρι
1487 3812 1524 3887 τῷ
1535 3809 1639 3889 γίγαντι
1652 3811 1702 3871 inl
1715 3813 1823 3886 Ἀθηνᾶς

1054 3887 1227 3968 ἀναιρεθέντι·
1243 3890 1327 3971 τρίτος
1339 3892 1367 3951 ὃν
1377 3895 1404 3951 ἐν
1414 3892 1503 3974 Ἀργει
1512 3894 1614 3965 Δαναὸς
1628 3897 1704 3970 ἔθηκε
1719 3900 1762 3959 διὰ
1778 3901 1822 3961 τὸν

1053 3976 1135 4053 γάμον
1152 3982 1203 4038 τῶν
1220 3979 1367 4061 θυγατέροιν
1383 3985 1480 4042 αὐτοῦ·
1493 3983 1616 4064 τέταρτος
1630 3992 1644 4045 ὁ
1657 3990 1683 4045 tv
1699 3988 1823 4070 Ἀρκαδίᾳ

1054 4066 1137 4133 sedile
1155 4070 1208 4129 ὑπὸ
1220 4069 1370 4149 Λυκάονος,
1385 4071 1412 4137 ὃς
1427 4072 1523 4144 ἐκλήθη
1546 4074 1664 4133 Λύκαια·
1677 4076 1824 4152 τίμττοςθ

1053 4156 1079 4211 ἐν
1100 4154 1201 4239 Ἰωλκῷ
1221 4157 1348 4218 Ἀκάστου
1373 4159 1593 4239 καθηγησαμένου
1614 4163 1657 4221 tel
1679 4167 1766 4247 ssahip
1784 4170 1823 4250 τῷ

1052 4242 1150 4320 πατρί·
1173 4244 1247 4313 ἕκτος
1267 4251 1282 4307 ὁ
1301 4250 1328 4307 ἐν
1348 4248 1447 4328 Ἰσθμῷ
1471 4248 1587 4332 Σισύφου
1601 4253 1830 4328 νομοθετήσαντοςΙ

1053 4329 1096 4386 iul
1118 4333 1286 4414 Μελικέρτῃ·
1304 4334 1414 4411 ἕύθομος
1433 4341 1448 4397 ὁ
1466 4337 1650 4416 Ὀλυμπιακθς
1663 4340 1825 4422 Ἡρακλέους

1052 4420 1269 4493 νομοθετήσαντος
1291 4424 1336 4483 ἐπὶ
1351 4424 1464 4486 illices·
1488 4426 1578 4507 ὄγδοος
1600 4429 1615 4486 ὁ
1633 4430 1660 4487 ἓν
1674 4429 1776 4511 Νεμέᾳ,
1793 4430 1822 4492 θν

1052 4508 1147 4581 ἔθηκαν
1161 4515 1186 4571 οἱ
1201 4512 1268 4571 test
1290 4512 1337 4570 tel
1349 4514 1445 4585 θήύας
1461 4516 1504 4575 inl
1520 4516 1687 4601 Ἀρχεμόρῳ·
1704 4519 1824 4589 innexi

1052 4620 1079 4653 ιν
1093 4598 1193 4677 Τροία,
1205 4599 1233 4658 ὃν
1252 4600 1385 4681 Ἀχιλλεὺς
1400 4604 1443 4663 ἐπὶ
1457 4606 1608 4689 Πατρόκλῳ
1629 4610 1765 4681 ἐποίησεν·
1780 4609 1823 4668 bi-

224 4698 1822 4753 Ἢ

549 4778 674 4829 PEPLUS.
767 4810 770 4817 ·

605 4876 625 4915 ι.

257 4946 325 4995 Ordo
345 4944 460 5000 ludorum
482 4948 653 5003 institutorum
676 4957 774 5017 qualem
793 4958 937 5011 Aristoteles
953 4964 995 5012 de·

225 5033 333 5099 scripsit.
345 5034 422 5087 Prbni
434 5037 550 5090 Eleusinii
574 5046 673 5106 propter
689 5043 797 5095 fructum
815 5060 830 5095 ιι
854 5048 940 5099 Cerere
955 5049 997 5099 da·

225 5125 293 5184 tum3
308 5122 409 5173 secundi
426 5126 600 5180 Panathenaici
611 5135 711 5197 propter
724 5136 835 5185 Asterem
846 5134 966 5199 gigantem
981 5153 996 5188 a

225 5208 333 5262 lllnerra
345 5212 467 5275 occisum
480 5218 547 5266 tertii
561 5232 623 5281 quos
637 5221 736 5270 Danaus
749 5223 818 5287 Argis
840 5224 944 5277 instituit
963 5227 995 5279 ob

1052 4790 1150 4855 nuptias
1163 4792 1270 4845 filiarum
1284 4810 1397 4856 suarum
1409 4800 1492 4862 quarti
1507 4801 1531 4849 ln
1543 4802 1646 4852 Arcadia
1658 4803 1691 4853 ab
1712 4806 1824 4867 Lycaone

1052 4876 1172 4939 instituti,
1183 4894 1240 4943 quie
1248 4884 1335 4945 Lyosea
1346 4889 1465 4936 vocantur
1474 4905 1481 4949 3
1491 4887 1570 4950 quinti
1583 4888 1607 4937 in
1617 4888 1682 4939 lolco
1690 4888 1722 4941 ab
1733 4896 1824 4943 Acmlo

1052 4962 1076 5011 in
1096 4963 1215 5015 bonorem
1234 4966 1308 5019 Pelias
1325 4970 1402 5033 petris
1414 4970 1544 5032 celebrali;
1556 4972 1619 5022 sexli
1632 4976 1690 5025 sunt
1710 4975 1822 5038 Isthmii,

1052 5065 1115 5115 quos
1126 5053 1245 5118 Sisyphus
1259 5056 1391 5107 mercena
1400 5057 1520 5107 dedicarit
1529 5059 1639 5124 ;scptimi
1647 5060 1782 5129 Olympici,
1792 5064 1824 5115 ab

1051 5140 1158 5190 tluculo
1180 5141 1206 5191 in
1228 5143 1326 5207 Pelopis
1345 5143 1461 5194 θοοοιειο
1481 5145 1599 5208 insllluli;
1611 5150 1692 5201 ocuti
1703 5152 1823 5216 uenam,

1051 5244 1114 5293 quos
1133 5234 1227 5296 septem
1248 5236 1333 5284 contra
1353 5233 1448 5285 Thebas
1469 5236 1822 5304 Archensomsousecrsmnn
