4017 5984
110 4853 121 4900 l

561 471 611 531 DE
635 470 824 532 INDIClBUS
845 470 1044 533 tinnontitt
1064 470 1322 534 ARISTOTELIS.

199 603 336 681 Ἀπολογία
349 591 483 672 sistitis<
497 601 560 683 πρὸς
574 603 771 684 Εὐρυμέδοντα.

200 691 345 773 stupuisti.

197 781 346 862 Ἐγκώμιον
358 780 446 858 λόγου.

165 897 177 932 r·
200 871 330 950 Μαγικόν.

200 965 267 1040 ssepi
282 957 465 1039 Zoppsadtne.

199 1045 365 1124 Ἀλεξάνδρου
378 1043 517 1124 lucinula.

198 1131 347 1211 Ἐγκῶμιον
363 1131 486 1194 niobem.
553 1211 554 1214 Ἴ

201 1223 271 1302 Πρὸς
286 1219 468 1300 Ἀλέξανδρον.

158 1333 182 1371 ro
204 1312 269 1390 Περὶ
280 1310 410 1370 Memno.

178 1486 309 1546 Tertium
334 1484 476 1560 indicem,
493 1497 522 1541 et
542 1502 638 1561 ipsum
659 1503 802 1560 agr-ceco,
816 1493 848 1539 ut
865 1503 911 1540 vr-

139 1575 238 1648 detur,
259 1584 376 1632 auctore
393 1572 608 1648 conscriptum,
637 1571 687 1630 sed
709 1570 822 1649 duplici
846 1588 912 1627 ver·

139 1665 220 1722 sione
249 1661 348 1720 multis
370 1662 402 1718 in
423 1659 498 1718 locis
516 1662 557 1717 ita
585 1673 772 1738 corruptum,
798 1671 830 1717 ut
853 1658 912 1735 ple-

140 1771 263 1829 rumque
281 1749 380 1808 nullus
394 1749 464 1808 satis
478 1747 647 1806 commodus
666 1767 683 1804 e
697 1746 796 1805 verbis
811 1765 913 1805 sensus

137 1841 203 1899 clici
214 1839 325 1918 possit,
340 1837 406 1895 ideo
419 1835 552 1894 omittere
564 1835 731 1906 noluimus,
746 1834 826 1910 quod
841 1854 914 1892 non-

138 1927 218 1985 nulla
232 1927 263 1984 in
276 1925 330 1984 illo
343 1923 533 1982 inveniuntur
544 1923 581 1980 acl
596 1921 813 1999 dijudicandam
840 1921 914 1980 hanc

138 2030 227 2073 totam
238 2012 428 2091 quaestionem
444 2031 502 2068 non
517 2011 632 2070 inutilia
644 2011 772 2070 sortasse.
787 2011 853 2068 ttaec
866 2030 916 2069 au-

137 2117 195 2161 tem
207 2101 305 2160 tabula
313 2100 344 2158 in
354 2098 464 2158 arabici
470 2098 619 2176 cujusdam
631 2099 795 2177 scriptoris,
807 2099 914 2157 Dsche·

138 2189 311 2262 rrrnluddini,
336 2207 363 2248 a.
393 2207 466 2260 ¹17²
482 2207 512 2264 p.
529 2186 598 2246 Chr.
627 2187 697 2258 nati,
717 2200 811 2246 exstat
827 2207 915 2266 opere

137 2281 172 2338 de
190 2278 267 2336 viris
286 2275 450 2334 eruditione
464 2275 565 2347 claris,
585 2273 662 2352 quod
678 2275 755 2334 ultra
773 2287 915 2334 trecento-

139 2387 202 2425 rum
220 2366 352 2425 virorum
380 2361 564 2422 eruditorum
585 2367 676 2435 ritas,
693 2366 852 2422 secundum
878 2365 914 2422 li·

141 2470 268 2514 terarum
291 2454 395 2512 seriem
421 2452 562 2528 digestas,
589 2453 801 2531 complectitur.
819 2453 914 2530 Equo

141 2563 231 2620 quum
244 2541 371 2620 primum
387 2540 543 2612 aCasirio,
559 2540 590 2598 in
604 2543 779 2598 Bibliotheca
799 2545 914 2598 urubicu

142 2635 341 2699 ils-curiaiensi,
370 2629 404 2686 'l'.
431 2628 456 2702 1,
487 2649 516 2706 p.
539 2631 594 2696 304
627 2648 705 2706 sqq,
723 2621 916 2688 editus'esset

142 2719 285 2778 librorum
301 2717 543 2778 Aristotelicorum
561 2717 669 2789 index,
684 2718 788 2775 iterum
803 2716 916 2794 publici
976 2711 979 2718 ’

138 2808 213 2884 juris
239 2807 330 2866 sactus
353 2819 397 2864 est
421 2825 437 2864 e
473 2805 574 2864 codice
596 2804 782 2864 bibliothecae
808 2804 914 2864 Caesnr.

141 2897 279 2955 l'alatinae
298 2893 519 2954 vindobonensi
542 2913 559 2952 a
579 2893 762 2966 Wenriclrio,
784 2894 816 2952 in
836 2913 915 2951 com·

143 2986 316 3044 mentatione
333 2989 375 3041 De
387 2997 528 3039 auctorum
540 3003 693 3059 greacorum
707 2985 878 3039 versionibus
890 3003 918 3045 et

141 3079 409 3147 currrrrrentariissyr.
427 3074 508 3130 arab.
523 3091 631 3126 arinen.
643 3076 810 3146 persicisque
815 3115 823 3141 ,
836 3069 915 3148 Lips.

146 3165 231 3230 rbia.
258 3159 352 3238 liujus
376 3160 538 3218 versionem
553 3158 672 3216 latinam
688 3158 779 3220 secuti
798 3177 915 3229 sumus,

142 3251 248 3310 arlditis
264 3263 360 3307 tamen
376 3249 413 3307 iis
434 3267 499 3324 quae
513 3248 560 3304 sel
575 3246 652 3323 apud
665 3247 759 3305 solum
773 3245 916 3304 Casiriurn

143 3339 344 3409 inveniuntur,
357 3337 402 3394 vel
414 3355 480 3413 quae
494 3335 577 3393 abeo
592 3335 676 3394 aliter
687 3353 827 3413 expressa
839 3347 916 3394 sunt.

181 3511 286 3565 Horum
316 3509 445 3563 librorum
470 3512 620 3564 recensioni
641 3507 733 3580 fidem
761 3519 844 3581 atquc
868 3525 917 3562 au·

142 3603 295 3652 claritatem
314 3599 420 3667 adJ'ecit
433 3597 585 3661 indiculus,
604 3613 687 3668 quern
704 3595 874 3650 Ptolemaeus
889 3600 918 3649 in

144 3687 211 3740 libra
225 3690 254 3739 in
269 3686 393 3759 Agallim
409 3681 465 3758 (vel
478 3681 631 3759 Agallianr)
647 3695 831 3756 reproesentat
843 3682 919 3760 lllaec

144 3771 221 3849 sprud
234 3770 380 3829 Casirium
392 3771 424 3827 in
438 3771 532 3828 fronte
542 3769 649 3828 indicis
665 3769 828 3846 leguntur).

223 3857 394 3915 Exhortatio
406 3861 447 3914 acl
449 3859 678 3933 philosophiam,
693 3860 758 3914 libri
770 3862 826 3914 III
836 3859 844 3936 l
852 3863 918 3915 bln-

263 3952 390 4001 nimenta
397 3945 600 4020 philesophioe,
621 3947 685 4000 libri
700 3950 765 4015 III,
782 3943 897 4025 Casiri).

224 4037 309 4090 Liber
320 4034 451 4108 Sophiste
465 4046 649 4108 nuncupatus.

223 4127 268 4179 Dc
279 4125 409 4191 lustitia,
429 4123 492 4178 libri
503 4124 557 4181 IV.

222 4216 266 4268 Dc
273 4215 451 4267 Institutione
464 4230 624 4286 morumque
630 4213 784 4284 elegantia,
802 4213 866 4266 libri
881 4214 925 4265 IV

264 4301 319 4378 (Dc
328 4306 445 4375 pietatis
455 4301 700 4355 exercitatimibra
709 4317 745 4353 ac
757 4301 793 4354 de
805 4301 924 4354 moribus

264 4394 326 4444 viro
337 4393 436 4462 cuique
447 4389 681 4458 accommodatis,
695 4388 756 4441 libri
770 4388 786 4439 l
792 4385 826 4455 l',
843 4382 923 4462 Cas.)

187 4477 204 4534 5
226 4481 269 4533 Dc
285 4479 398 4532 Generis
410 4477 582 4544 Nobilitate,
606 4477 669 4530 libri
683 4477 702 4530 Ι
705 4476 737 4530 V.

224 4569 268 4621 De
279 4567 389 4631 Poetis,
405 4567 468 4620 libri
480 4567 538 4621 ΙΙΙ
550 4563 648 4636 (deest
661 4560 738 4639 apud
749 4559 843 4636 Cas).

224 4657 267 4708 De
279 4655 386 4730 Regno,
403 4655 466 4709 iibri
478 4655 507 4706 V
521 4651 532 4729 (
537 4650 617 4709 deest.
628 4648 705 4727 apud
722 4648 815 4720 Cas).

227 4744 270 4797 De
286 4743 379 4809 Bono,
398 4743 462 4796 libri
478 4741 512 4800 V,

208 4909 324 4973 Apologia
341 4909 434 4972 pictatis
446 4909 563 4960 adsersus
576 4907 787 4973 Eurymedontem.

210 4997 335 5060 Georgica.

211 5087 273 5134 Ltus
285 5084 409 5135 orationis.

181 5177 195 5220 5
211 5173 336 5234 magicum.

213 5260 247 5308 De
259 5259 395 5310 Prudentia.

1050 610 1093 662 De
1104 608 1240 681 Archytae
1246 609 1447 684 philosophia,
1463 611 1528 666 libri
1540 613 1605 669 III.

993 713 1027 748 ro
1050 697 1092 749 Dc
1106 697 1201 750 Lineis
1215 698 1424 764 insecabilibus,
1442 698 1508 752 libri
1520 696 1587 754 III.¹

1047 785 1090 837 De
1103 782 1206 851 lastis,
1224 784 1290 838 libri
1300 785 1355 842 IV.

1047 873 1090 925 De
1103 871 1257 927 Contrariis
1269 891 1304 926 ac
1317 875 1451 940 Diversis,
1466 874 1531 928 libri
1551 877 1596 929 IV
1611 872 1669 950 (De
1684 879 1744 932 De-

1090 963 1333 1016 monstrationibus
1361 982 1396 1016 nc
1412 965 1659 1038 'Propositionr'bus
1678 987 1746 1022 con-

1086 1053 1221 1117 tentiasis,
1239 1049 1303 1102 libri
1319 1052 1337 1103 I
1340 1051 1374 1117 V,
1391 1047 1454 1109 Cas.
1465 1049 1485 1125 ).

1045 1138 1088 1189 De
1099 1141 1214 1202 Amore,
1233 1136 1295 1191 libri
1308 1140 1371 1195 III.

1047 1225 1089 1278 De
1103 1225 1192 1292 Iuleis,
1210 1235 1303 1278 rutrum
1317 1230 1456 1280 exsistant
1478 1245 1581 1299 necne,
1601 1232 1666 1285 libri
1678 1234 1743 1286 III.

992 1309 1025 1365 15
1050 1311 1253 1385 Compendium
1280 1318 1371 1386 operis
1392 1315 1580 1371 Platonicidc
1600 1319 1747 1393 Regimine

1085 1403 1240 1469 civitatum,
1252 1401 1318 1455 libri
1330 1404 1366 1455 II
1378 1398 1433 1477 (De
1442 1403 1587 1477 Regintine
1599 1411 1743 1474 sanitatis,

1086 1489 1151 1542 libri
1164 1490 1183 1541 I
1183 1490 1199 1541 I
1204 1527 1213 1554 ,
1230 1493 1279 1562 qui
1291 1500 1356 1543 sunt
1364 1489 1507 1544 Platonici
1517 1497 1609 1564 operis
1619 1512 1748 1566 compen-

1087 1577 1178 1641 dium,
1193 1573 1258 1634 Cas.
1268 1576 1289 1650 l.

1047 1666 1089 1718 De
1107 1664 1274 1738 Voluptate,
1292 1665 1362 1720 liber
1374 1669 1403 1722 I.

1049 1755 1091 1805 Dc
1103 1753 1199 1819 Motu,
1217 1754 1281 1807 libri
1290 1755 1383 1811 VIII.

1049 1839 1221 1909 Quas-stiones
1231 1840 1478 1912 epichirematicae,
1497 1843 1559 1897 libri
1569 1846 1590 1896 I
1588 1846 1609 1898 I
1607 1886 1615 1901 .

1051 1927 1093 1979 Dc
1103 1937 1165 1980 arte
1169 1932 1283 2000 poetica
1296 1931 1445 1982 secundum
1455 1930 1626 2004 Pythagorae
1636 1933 1749 2002 ejusque

1087 2024 1253 2068 sectatorum
1260 2015 1383 2087 placita,
1398 2015 1460 2069 libri
1475 2018 1509 2069 II
1520 2017 1591 2089 (sec.
1604 2016 1748 2090 Pythago-

1092 2119 1155 2154 ram
1169 2103 1282 2176 q'usque
1293 2113 1454 2173 sectatores,
1476 2099 1569 2180 Cas),

990 2209 1028 2246 ao
1051 2193 1093 2244 De
1104 2190 1213 2265 Spiritu
1225 2192 1360 2258 animali,
1379 2193 1441 2245 libri
1452 2194 1488 2245 II
1490 2194 1508 2244 I
1508 2232 1514 2246 .

1049 2281 1196 2353 Epistolce,
1219 2281 1282 2334 libri
1294 2282 1359 2338 III.

1053 2370 1094 2423 Dc
1109 2369 1176 2423 Nilo
1190 2372 1371 2443 AEgyptiam,
1392 2369 1455 2423 libri
1471 2371 1528 2427 Ill
1529 2409 1535 2421 .

1052 2458 1096 2510 De
1106 2458 1410 2530 Anienaliumtapturn,
1425 2471 1544 2510 necnon
1557 2457 1594 2510 de
1604 2456 1676 2533 lacis,
1689 2461 1747 2530 qui-

1090 2545 1140 2598 bus
1154 2546 1335 2599 dcrusantur
1347 2555 1431 2617 atquc
1449 2545 1626 2609 delitescunt,
1650 2545 1718 2599 liber
1730 2547 1748 2598 I

1091 2631 1145 2705 (De
1154 2637 1281 2706 aucupio,
1290 2636 1401 2705 piscatu
1409 2643 1437 2684 et
1449 2643 1565 2698 venatu,
1580 2631 1627 2684 ubi
1637 2633 1673 2685 de
1686 2635 1746 2685 ani·

1097 2721 1215 2773 malium
1230 2721 1299 2782 locis,
1308 2729 1336 2772 et
1346 2719 1487 2785 cubilibus,
1506 2719 1576 2772 liber
1586 2721 1612 2784 1,
1627 2715 1722 2794 Cas.)

1050 2807 1206 2862 Concilium
1220 2811 1333 2871 artium,
1349 2807 1419 2860 liber
1430 2808 1449 2858 I
1467 2803 1614 2882 [Collecti0
1625 2810 1725 2859 curtium
1735 2847 1742 2871 ,

1092 2895 1162 2949 liber
1173 2897 1200 2960 I,
1217 2891 1278 2951 Cos·
1287 2889 1307 2968 l·

994 2980 1032 3037 25
1055 2985 1098 3036 De
1112 2983 1203 3036 liebus
1219 2983 1382 3048 amatoriis,
1400 2980 1464 3034 libri
1478 2981 1542 3036 ΙΙΙ.

1051 3073 1092 3124 Dc
1105 3072 1347 3143 Interpretatione,
1365 3068 1433 3122 liber
1444 3069 1469 3137 l,
1482 3071 1532 3140 qui
1540 3066 1698 3120 dialectica·
1708 3079 1749 3120 est

1094 3159 1239 3214 sccundus.

1054 3247 1263 3319 Analyticorum
1271 3247 1413 3317 priorum,
1432 3243 1497 3296 libri
1511 3245 1555 3300 II.

1055 3335 1268 3407 Analyticorum
1279 3337 1476 3406 posteriorum,
1492 3333 1556 3386 libri
1565 3334 1611 3385 II.

1054 3421 1063 3494 (
1076 3424 1117 3476 Dc
1131 3421 1295 3496 Sophisticis
1305 3419 1449 3485 Elenchis,
1468 3419 1538 3472 liber
1548 3420 1576 3477 I.
1589 3415 1649 3474 Cas.
1658 3417 1676 3491 )

995 3511 1033 3565 30
1057 3509 1216 3564 Ethicorum
1235 3513 1402 3582 quoestiones
1414 3507 1550 3577 rnajores,
1566 3506 1628 3559 libri
1641 3507 1687 3561 Il.

1052 3598 1209 3652 Ethicorum
1224 3599 1389 3670 quaestiones
1415 3598 1548 3662 minores,
1563 3593 1686 3646 Eudemo
1708 3596 1750 3645 in-

1091 3690 1219 3758 scriptoe,
1238 3685 1302 3738 libri
1318 3684 1407 3740 VIII.

1055 3775 1098 3827 Dc
1111 3773 1273 3847 Republica,
1293 3771 1356 3824 libri
1369 3771 1458 3827 VIII.

1054 3864 1131 3914 Artis
1146 3859 1307 3926 rhetoricae,
1320 3857 1383 3911 libri
1402 3859 1466 3916 ΙΙΙ.

1054 3947 1185 4020 Physicoe
1200 3947 1425 4013 auscultationis,
1439 3943 1502 4002 sive
1511 3945 1648 4000 doctrinoe
1667 3957 1750 4000 natu-

1094 4037 1170 4102 ralis,
1188 4037 1251 4090 libri
1264 4035 1351 4089 VIII.

997 4124 1034 4180 35
1057 4126 1100 4179 De
1112 4125 1192 4180 Coelo
1203 4137 1231 4178 et
1242 4124 1357 4188 mundo,
1376 4121 1439 4175 libri
1449 4123 1466 4175 I
1473 4117 1586 4193 Vllibri
1601 4122 1640 4188 X,
1659 4117 1748 4196 Cas).

1059 4215 1102 4268 Dc
1120 4213 1306 4267 Generatione
1316 4221 1343 4264 et
1359 4209 1557 4282 Corruptione,
1576 4209 1639 4264 libri
1654 4211 1696 4267 ΙΙ.

1058 4304 1100 4355 Dc
1115 4301 1260 4367 Meteoris,
1283 4299 1345 4353 libri
1358 4297 1411 4354 IV.

1059 4392 1103 4444 De
1116 4393 1238 4455 Anima,
1257 4387 1319 4442 libri
1331 4385 1391 4439 III.
1420 4407 1428 4432 r

1059 4479 1101 4532 De
1113 4477 1202 4531 Sensn
1218 4487 1246 4531 ct
1256 4472 1395 4538 SensibiIi,
1412 4472 1481 4527 liber
1492 4475 1520 4529 l.

1057 4565 1102 4618 De
1115 4565 1255 4618 Memoria
1267 4575 1294 4616 ct
1308 4577 1421 4626 somno,
1435 4560 1506 4615 liber
1518 4563 1535 4615 I
1550 4557 1600 4638 (r).

1006 4693 1035 4744 (t)
1051 4690 1087 4736 ct.
1095 4689 1178 4736 suidas
1185 4689 1248 4745 apud
1258 4701 1327 4746 cucur
1338 4703 1361 4734 ν.
1370 4683 1467 4744 Μνήμη,
1475 4689 1609 4736 Aristoteles
1622 4680 1689 4742 trip
1698 4679 1750 4741 napi
1793 4661 1798 4671 ¹

980 4753 1081 4811 Μνήμης
1096 4754 1136 4800 καὶ
1148 4753 1237 4803 Ὕπνον
1248 4753 1288 4800 καὶ
1302 4753 1490 4811 ebetudinem
1504 4756 1614 4814 μαντικῆς
1630 4755 1748 4801 laudetur.

1043 4904 1171 4956 Alexandri
1183 4904 1312 4955 mutatio.

1041 4995 1106 5043 Laus
1118 4991 1264 5044 divitiarum.
1323 5041 1327 5047 .

1039 5081 1073 5133 Ad
1084 5082 1256 5134 Alexandrum.

996 5178 1022 5221 ιο
1042 5174 1079 5221 De
1091 5171 1212 5222 Mdbodo.
