4017 5984
232 431 287 490 130

226 561 310 631 candi
335 580 421 638 quam
444 560 572 618 indicato
596 558 679 616 titulo
704 558 876 616 nominandi
909 578 998 636 supra

222 648 283 727 jam
302 648 458 707 observare
473 646 540 705 licet
560 646 591 705 in
605 646 707 704 eodem
735 645 884 703 Plutarchi
906 644 997 716 libro,

226 758 252 797 c.
278 758 327 810 ro,
346 734 398 793 ubi
418 733 579 793 Aristotelis
604 732 718 792 Politice
735 731 925 807 designantur
948 752 1000 810 per

226 826 322 891 κτίσεις
339 822 384 882 καὶ
405 821 547 886 πολιτείας.
570 821 702 879 Ceterum
716 840 769 879 nec
788 819 861 879 illud
883 819 1000 877 silentio

225 911 456 993 pratereundum
470 924 524 987 est,
540 909 617 968 haud
632 929 691 967 uno
704 910 736 968 in
747 908 815 985 „loco
833 906 1000 965 llomerico·

227 1022 291 1062 rum
316 1020 454 1059 versuum
478 998 686 1077 explicationes
711 996 787 1075 apud
809 993 998 1053 Plutarchum

226 1100 399 1148 memoratas
417 1106 491 1158 esse,
507 1106 572 1163 quac
588 1085 624 1143 ad
651 1085 761 1143 nullum
781 1084 871 1141 alium
892 1081 1000 1158 librum

226 1177 408 1237 commodius
430 1174 533 1233 referri
547 1186 668 1252 possunt
688 1192 772 1249 quam
797 1171 833 1229 ad
848 1170 1001 1228 llomerica

226 1266 388 1327 Aristotelis
399 1261 591 1321 Problemata.

265 1356 323 1413 Sed
346 1354 433 1427 louge.
453 1350 595 1408 maximus
615 1368 753 1406 numerus
774 1346 999 1423 fragmentorum

227 1465 292 1521 quae
310 1462 347 1501 ex
359 1442 405 1499 his
420 1436 636 1510 Quastionibus
650 1436 826 1515 philosopho
847 1436 1002 1515 adscriptis

226 1545 338 1589 serrata
352 1543 436 1601 sunt,
452 1528 614 1586 Homericis
628 1525 771 1584 debentur
791 1524 923 1595 scholiis,
940 1525 1003 1601 qui·

229 1621 283 1679 bus
302 1618 439 1678 omnibus
470 1636 546 1676 unus
573 1615 708 1691 idemque
730 1613 813 1683 lons,
840 1612 1000 1691 Porphyrii

228 1710 339 1767 scilicet
351 1704 518 1785 deperditus
531 1702 608 1761 liber
621 1703 710 1760 luisse
725 1702 852 1773 videtur,
864 1700 1001 1779 Ὁμηρικὰ

227 1793 376 1872 Ζητήματα
390 1794 549 1871 inscriptus
565 1788 618 1865 (cf.
635 1789 733 1848 Schol.
750 1788 786 1846 ad
801 1787 914 1866 Iliadas,
929 1790 1000 1859 ¹753

228 1887 257 1961 β,
268 1890 337 1959 α49,
351 1882 433 1958 308),
443 1881 474 1938 in
485 1900 555 1957 quo,
568 1891 638 1937 teste
644 1875 1001 1953 loanneTzetze,Exeges.

227 1973 257 2029 in
279 1969 363 2030 lliad.
383 1990 414 2048 p.
431 1969 498 2044 3,5
522 1968 634 2038 Herm,
655 1978 906 2023 controversarum
925 1984 1004 2041 quar-

231 2061 357 2117 stionum
373 2058 546 2117 solutionem
559 2054 617 2114 sibi
635 2066 843 2132 proposuerat,
858 2053 1003 2127 congestis

227 2147 333 2219 simul,
349 2158 381 2204 ut
401 2144 478 2203 idem
493 2142 612 2201 'l'zetzes
623 2140 709 2198 nobis
729 2153 830 2198 auctor
848 2154 908 2212 est,
922 2141 1001 2217 quod

230 2248 259 2292 et
272 2234 389 2293 scholia
408 2231 623 2301 demonstrant,
640 2242 771 2286 veterum
788 2226 1001 2299 solutionibus,

227 2324 264 2381 cl.
278 2321 376 2379 Schol.
387 2322 419 2378 iu
430 2318 519 2395 Exeg.
532 2316 615 2377 Iliad.
627 2338 658 2395 p.
676 2318 780 2386 rabac
793 2337 800 2373 :
812 2316 846 2376 Ὁ
859 2316 1004 2397 lloppxlproe

227 2400 317 2467 setin
339 2408 438 2487 ἀνδρῶν
457 2404 651 2475 συνεποιήσατο
669 2404 765 2471 πάντες
783 2402 932 2469 παιδιώδεις
958 2404 1004 2462 καὶ

229 2494 358 2576 ἀρχαϊκὸς
379 2493 489 2574 ἀπορίας
512 2492 655 2551 ἀπέλυσαν.
669 2491 754 2561 Quod
774 2492 873 2550 verius
893 2491 1002 2549 dictuur

227 2598 288 2657 est,
304 2603 388 2662 quarn
399 2596 432 2641 ut
446 2584 541 2662 ipsius
554 2580 668 2640 'l'zetms
677 2580 778 2659 opinio
789 2580 891 2639 haberi
904 2582 1003 2657 possit.

230 2674 271 2730 lle
291 2674 344 2731 hoc
365 2691 435 2729 sero
467 2668 669 2747 Porphyriano
696 2687 785 2746 opere
815 2668 1002 2746 quaestioncm

229 2773 349 2818 tractare
362 2778 455 2837 nuper
468 2775 620 2833 aggressus
635 2770 678 2815 est
695 2756 841 2831 lianrmer,
861 2759 891 2813 in
910 2755 1003 2833 speci-

228 2849 307 2905 mine
329 2848 481 2921 Porphyrii
504 2846 620 2905 Scholia
645 2850 807 2911 Homcrr'cu,
838 2842 1002 2919 liegimont.

232 2936 304 2992 1865
323 2935 331 3014 (
341 2934 380 2993 cl'.
398 2934 515 2991 Parisot
531 2936 567 2989 cte
589 2935 745 3009 porphyrio
761 2938 817 2988 tria
840 2934 1002 3007 Toranium,

230 3024 327 3082 Paris.
348 3024 447 3097 1845).

267 3109 386 3179 Quodsi
396 3114 455 3187 jam
467 3122 612 3185 quaeratur
621 3104 695 3183 quid
704 3106 850 3163 dehoram
859 3106 1001 3181 fragmen-

228 3214 322 3257 torum
335 3197 450 3271 origine
462 3207 492 3253 et
503 3197 673 3253 auctoritate
690 3192 871 3250 statuendum
881 3196 926 3259 sit,
944 3212 1003 3249 non

229 3288 320 3363 magis
331 3283 452 3343 dillicile
464 3294 507 3339 est
522 3299 628 3355 negare
640 3277 825 3337 Problemata
847 3279 1001 3339 lloruerica

192 3398 195 3403 ·
229 3375 265 3434 ab
289 3370 442 3431 Aristotele
467 3368 632 3446 conscripta
657 3366 744 3424 luisse
766 3386 851 3443 cpuam
883 3367 1001 3425 demon-

162 3499 166 3506 ·
230 3477 322 3523 strare
343 3460 533 3519 contrarium.
559 3455 672 3514 Etenim
700 3467 899 3529 argumentum
924 3457 1002 3531 quod

227 3550 407 3629 praecipuum
432 3548 485 3604 fuit
499 3544 548 3615 iis,
570 3543 620 3621 qui
646 3540 800 3600 subdititio
823 3541 903 3599 libro
922 3540 998 3599 Por-

229 3638 367 3716 phyrium
383 3655 466 3695 usum
479 3652 542 3692 esse
556 3630 751 3700 contendunt,
760 3629 837 3689 inter
848 3648 921 3705 quos
933 3633 1002 3689 satis

229 3730 285 3785 erit
300 3725 464 3785 nominasse
483 3720 517 3783 C.
533 3720 687 3778 Lehrsium
704 3738 734 3777 v.
749 3718 785 3776 cl.
797 3720 834 3775 de
848 3721 1002 3775 Aristamlrr

228 3818 526 3889 srudr'r'sHomen‘cr's,p.
536 3828 593 3866 aaa
604 3807 650 3869 ed.
664 3807 727 3878 alt.,
742 3806 889 3864 insulsitas
900 3825 1002 3885 nempe

229 3918 256 3963 et
272 3903 426 3981 puerilitas
444 3899 635 3978 quaestionum
652 3909 680 3953 et
701 3895 896 3963 solutionum,
911 3914 1000 3971 qutun

230 4010 283 4069 per
296 4010 326 4049 se
338 3990 399 4068 jam
410 3989 481 4049 satis
491 3987 641 4046 infirmum
654 3996 708 4055 est,
723 3987 808 4058 plane
821 3982 955 4041 evellitur
965 3984 1002 4040 si-

231 4081 345 4139 milium
380 4077 592 4158 problematum
631 4074 848 4151 comparatione
876 4091 1001 4148 quorum

231 4169 348 4247 plenum
363 4181 406 4226 est
418 4164 582 4225 Aristotelis
595 4162 718 4220 Poeticae
734 4173 820 4239 caput
831 4160 1001 4218 vicesimum

231 4258 376 4335 quintum,
395 4254 474 4334 quod
497 4252 557 4332 περὶ
569 4248 764 4329 προὸλημάτων
779 4247 824 4306 καὶ
840 4246 940 4307 λύσεων
950 4253 1002 4307 ‘in-

231 4345 386 4405 scribitur.
405 4346 463 4401 Aut
484 4343 571 4420 igitur
586 4338 800 4398 concedendum
819 4337 876 4395 erit
891 4338 1002 4395 Arlsto·

232 4433 296 4492 telis
306 4433 455 4509 ingenium
468 4444 496 4490 et
508 4429 669 4488 doctrinam
682 4425 811 4485 atalibus
821 4444 879 4483 non
893 4423 999 4483 abbor-

232 4524 340 4593 ruisse,
351 4534 400 4579 aut
410 4541 475 4579 cum
488 4520 522 4579 F.
542 4516 663 4587 liittero,
680 4515 715 4573 ad
731 4515 815 4572 talem
833 4512 1002 4589 explicatio·

232 4630 295 4669 nem
317 4606 542 4685 confugiendum
564 4605 621 4663 erit
634 4605 684 4681 (p.
707 4602 763 4671 264
791 4600 950 4658 Commeat.
973 4598 1002 4655 in

231 4698 363 4768 Poeticl,
379 4710 411 4755 ut
424 4696 599 4753 allirrnemus
612 4691 736 4749 Poeticae
756 4687 898 4767 quendam
913 4686 1003 4744 inter·

233 4775 1000 4865 polatorem,exsubdititiacollectioneProblematum

234 4875 464 4947 Homericorum,
475 4867 635 4926 Aristotelis
647 4866 764 4923 nomine
778 4864 928 4940 inscripta,
948 4862 1004 4919 ine

773 426 1019 487 autsrorutts
1041 426 1288 489 FRAGMENTA.

1053 560 1129 637 ptias
1140 560 1205 618 illas
1224 562 1253 617 iu
1268 558 1389 617 Poeticae
1401 572 1486 636 caput
1499 557 1573 617 xxv
1589 562 1685 637 (quod
1696 576 1724 621 et
1734 564 1828 643 ipsum

1053 659 1143 706 totum
1174 647 1357 706 subdititium
1384 660 1465 725 putat
1495 646 1642 728 liitterus)
1668 652 1825 713 invexisse.

1052 736 1339 795 verumenimvero
1358 736 1410 813 qui
1429 737 1515 795 semel
1535 736 1565 795 in
1580 739 1666 796 talem
1681 744 1757 799 viam
1776 743 1821 801 iu·

1054 844 1169 901 gressus
1194 825 1299 902 luerit,
1314 844 1417 883 vereor
1440 844 1477 883 ue
1498 826 1590 884 multo
1611 827 1727 903 longius
1750 830 1827 889 abri-

1055 913 1152 991 piatur
1166 932 1252 992 quam
1264 926 1293 970 et
1306 914 1369 990 ipse
1380 912 1516 972 voluerit.
1530 917 1573 971 An
1585 914 1621 973 de
1631 916 1694 974 solo
1707 918 1826 977 lortassc

1056 1001 1211 1059 Aristotele
1225 1001 1266 1060 ita
1282 1000 1500 1079 judicabimus?
1523 1002 1569 1059 An
1584 1001 1629 1061 illi
1649 1004 1705 1063 soli
1729 1006 1758 1063 in
1778 1007 1824 1065 bis

1055 1108 1154 1149 errare
1175 1110 1234 1148 non
1256 1091 1387 1161 licuerit,
1409 1089 1564 1166 inquibus
1582 1090 1757 1170 plerumque
1774 1092 1826 1153 lle·

1058 1180 1206 1251 raclitum,
1249 1178 1416 1251 Platonem,
1452 1176 1654 1237 Autistbeuem
1695 1181 1827 1258 aliosque

1056 1267 1163 1328 summi
1190 1267 1301 1343 ingenii
1327 1264 1519 1343 philosophos
1545 1264 1619 1323 inire
1643 1267 1826 1327 caecutientes

1057 1354 1320 1436 deprehendimus?
1337 1353 1450 1423 Quodsi
1464 1353 1554 1428 igitur
1566 1372 1626 1411 non
1638 1353 1674 1412 de
1687 1356 1826 1415 omnibus

1058 1445 1116 1503 lere
1126 1443 1260 1502 dubitare
1274 1442 1385 1520 placet,
1414 1460 1603 1517 quaecumque
1622 1455 1688 1499 aute
1701 1443 1830 1501 Alexan-

1057 1532 1210 1590 drinorum
1240 1529 1492 1605 grammaticorum
1519 1540 1629 1585 aetatem
1654 1529 1690 1588 de
1720 1532 1826 1589 talibus

1058 1621 1171 1699 prolata
1185 1632 1267 1695 sunt,
1280 1618 1340 1689 jam
1358 1615 1553 1692 multomagis
1568 1617 1637 1675 artis
1651 1618 1761 1676 critica²
1777 1640 1826 1677 ra-

1058 1708 1187 1768 tionibus
1199 1708 1375 1787 conreniens
1387 1704 1422 1762 de
1432 1704 1477 1763 his
1494 1704 1534 1763 ita
1549 1717 1693 1777 statuere,
1710 1726 1774 1764 cum
1799 1709 1828 1765 iu

1057 1794 1137 1854 hisce
1147 1793 1266 1872 ἀπορίαις
1275 1790 1409 1863 eritrea,
1421 1790 1573 1849 tumeliam
1584 1790 1830 1869 inetyrnologicis,

1059 1903 1118 1942 uon
1138 1902 1174 1941 ex
1186 1896 1286 1941 nostro
1300 1900 1385 1941 seusu
1407 1878 1595 1957 dijudicanda
1616 1898 1678 1937 esse
1692 1881 1738 1937 vel
1754 1902 1831 1958 ‹pua-

1062 1973 1188 2031 stionuur
1213 1970 1458 2049 opportunitatem
1478 1966 1523 2025 rel
1545 1966 1694 2024 veritatem
1708 1968 1829 2028 solutio·

1062 2080 1141 2120 num.

1101 2154 1135 2207 At
1154 2148 1277 2205 minime
1288 2159 1379 2217 ¹vero,
1402 2144 1478 2202 dicet
1502 2144 1623 2203 sortasse
1648 2143 1765 2219 aliquis,
1793 2145 1831 2201 ita

1059 2236 1285 2295 demonstratum
1300 2244 1343 2291 est
1362 2250 1464 2290 revera
1482 2252 1538 2309 pro
1553 2231 1687 2306 genuinis
1700 2230 1830 2289 habenda

1059 2343 1198 2401 essequa
1213 2324 1346 2381 seruntur
1362 2320 1526 2378 Aristotelis
1545 2319 1697 2377 llomerica
1711 2318 1831 2379 Proble-

1059 2424 1145 2481 mata,
1168 2410 1216 2469 sed
1238 2422 1352 2467 tantum.
1365 2406 1467 2465 baberi
1487 2426 1582 2486 posse.
1610 2404 1747 2465 Libenter
1776 2405 1830 2465 hoc

1059 2498 1229 2571 concedam,
1255 2499 1326 2573 quin
1350 2510 1378 2554 et
1404 2495 1477 2553 illud
1498 2493 1633 2572 adjiciam
1658 2494 1830 2572 plerumque

1060 2590 1129 2645 satis
1141 2586 1283 2644 incertum
1298 2603 1360 2643 esse
1374 2582 1446 2661 quid
1461 2582 1524 2661 ipse
1538 2581 1827 2642 Aristoteles-dixerit

1061 2675 1134 2751 quid
1149 2674 1343 2752 aPorphyrio
1355 2672 1458 2731 aliisve
1467 2670 1596 2729 additum
1608 2671 1656 2729 sit.
1671 2668 1787 2727 Accedit
1802 2683 1830 2725 et

1061 2764 1133 2821 illud
1147 2764 1226 2842 quod
1238 2764 1337 2821 eadem
1350 2760 1435 2837 plane
1448 2759 1552 2817 horum
1565 2757 1775 2836 problematum
1789 2778 1831 2815 ra·

1060 2850 1100 2908 tio
1115 2852 1202 2909 luisse
1220 2850 1335 2927 ridetur
1350 2863 1435 2926 atque
1446 2867 1548 2905 eorum
1563 2867 1627 2927 quae
1639 2846 1760 2925 physica
1784 2847 1830 2903 in-

1058 2941 1167 3019 scripta
1176 2952 1254 3015 sunt,
1268 2952 1295 2997 et
1309 2937 1426 3016 quidem
1438 2937 1515 3009 talis,
1528 2948 1559 2994 ut
1572 2936 1707 3011 genuinis
1721 2948 1749 2992 et
1764 2953 1830 2991 vcrc

1058 3028 1221 3087 Aristotelis
1236 3028 1318 3085 varia
1329 3027 1441 3085 avariis
1459 3024 1522 3083 sire
1536 3024 1645 3082 similia
1660 3024 1721 3081 sire
1730 3034 1758 3080 et
1772 3022 1828 3079 alia

1059 3116 1324 3195 interponerentur.
1342 3112 1433 3189 Cujus
1445 3113 1497 3182 rei,
1507 3130 1571 3189 quae
1584 3130 1637 3187 per
1649 3129 1680 3168 se
1690 3110 1751 3187 jam
1761 3112 1831 3167 satis

1057 3204 1227 3263 verisimilis
1251 3216 1304 3274 est,
1320 3202 1492 3259 documento
1507 3200 1652 3276 praecipue
1676 3199 1749 3257 ilbrd
1770 3218 1832 3257 csse

1057 3305 1139 3369 puto,
1161 3292 1251 3367 quod,
1276 3302 1311 3347 ut
1334 3306 1423 3366 supra
1440 3287 1577 3357 vidimus,
1598 3286 1748 3342 manifeste
1774 3287 1830 3344 du-

1057 3380 1124 3457 plex
1137 3396 1237 3435 eorum
1248 3377 1413 3434 nominatur
1425 3374 1568 3447 collectio,
1577 3393 1700 3449 quarum
1713 3393 1771 3433 una
1781 3395 1829 3433 sex

1059 3465 1159 3543 libris,
1183 3466 1273 3523 altera
1296 3483 1365 3520 vero
1379 3462 1476 3520 decem
1497 3459 1730 3520 continebantur.
1754 3461 1832 3530 Quin

1059 3566 1088 3613 et
1108 3553 1222 3629 singula
1234 3551 1415 3629 problemata
1434 3548 1574 3627 peculiari
1586 3548 1671 3607 titulo
1688 3548 1831 3625 iuscripta

1059 3640 1227 3699 circumlata
1254 3640 1316 3695 esse
1344 3634 1490 3707 ridentur,
1517 3647 1548 3692 ut
1568 3633 1696 3693 declarat
1719 3632 1831 3693 inscri-

1058 3729 1120 3807 ptio
1139 3727 1169 3786 in
1183 3724 1343 3805 appendice
1358 3723 1466 3783 indicis
1480 3722 1622 3799 Anonymi
1646 3721 1685 3799 (3)
1709 3743 1717 3777 ε
1743 3722 1776 3780 Ei
1799 3722 1830 3789 δή

1057 3838 1121 3877 ποτε
1130 3814 1252 3895 Ὅμηρος
1267 3812 1371 3883 anoton
1383 3810 1429 3879 τὰς
1442 3809 1534 3870 ‘lllloo
1547 3814 1616 3889 βοῦς,
1628 3809 1681 3868 ubi
1694 3829 1749 3887 pro
1761 3808 1833 3879 chri

1059 3904 1262 3982 corrigendum
1280 3902 1405 3972 videtur,
1422 3900 1457 3971 si,
1474 3898 1553 3977 quod
1567 3897 1711 3976 suspicor,
1728 3916 1764 3955 ex
1778 3896 1832 3953 hoc

1056 3992 1234 4071 problemate
1240 4005 1352 4049 servata
1359 4001 1426 4049 sunt
1436 4008 1500 4065 quae
1508 3988 1609 4062 fragm.
1622 3986 1678 4045 206
1686 3985 1831 4059 leguntur.

1056 4080 1099 4141 lta
1116 4081 1185 4139 illud
1210 4093 1319 4138 tantum
1342 4078 1427 4137 modo
1440 4076 1586 4134 affirmare
1605 4074 1684 4143 licet,
1701 4085 1829 4149 tempore

1057 4192 1117 4249 quo
1130 4167 1315 4228 Andronicus
1329 4166 1454 4224 indicem
1470 4182 1553 4222 suum
1567 4159 1689 4219 coniecit
1699 4157 1832 4215 Homeri·

1058 4276 1157 4317 corum
1172 4254 1387 4314 Problematum
1400 4251 1597 4311 collectionem
1607 4246 1752 4306 exstitisse
1768 4264 1832 4320 quaa

1058 4344 1204 4405 Aristoteli
1234 4341 1410 4421 philosopho
1441 4336 1634 4405 tribuebatur,
1660 4333 1735 4390 hanc
1764 4351 1831 4391 vero

1057 4432 1256 4493 collectionem
1274 4430 1436 4507 respexisse
1450 4422 1666 4502 granimaricum
1682 4419 1831 4497 antiquum

1058 4522 1141 4600 cujus
1156 4520 1323 4580 testimonio
1338 4518 1383 4575 usi
1395 4512 1653 4589 sunthrynichus
1668 4521 1696 4566 et
1717 4507 1834 4565 Antiat-

1059 4611 1169 4669 ticistes
1195 4607 1328 4676 Belxkeri,
1356 4618 1385 4663 et
1410 4600 1544 4679 quidem,
1569 4597 1649 4676 quod
1673 4594 1831 4654 notandum

1058 4712 1110 4771 est,
1123 4712 1154 4757 ut
1170 4694 1305 4755 rocabuli
1320 4710 1402 4753 usum
1418 4688 1486 4749 inde
1499 4683 1732 4765 comprobarent.
