4017 5984
735 349 974 414 FRAGMENTA
995 352 1145 417 suumn.

19 484 23 519 ί
138 484 230 544 Leon.
241 482 330 543 Allst.
338 481 370 541 in
378 482 456 541 notis
464 479 623 540 udeilon.
631 480 751 558 nysam.
760 480 913 561 deseptem

138 570 220 631 orbis
233 567 427 648 Spectaculis,
443 564 526 626 Ronr.
542 566 629 639 xiiio,
644 586 675 645 p.
684 566 722 624 66
735 586 743 623 ε
759 565 887 644 Πέμπτον
902 572 917 628 ὁ

140 661 166 718 ἐν
182 655 269 735 Ῥόδῳ
282 654 424 727 κολοσσός,
438 651 544 711 εἴδωλον
558 654 720 720 Ἀπόλλωνος
738 653 843 714 πόντων
865 656 916 733 μί-

138 765 241 823 γιετον·
270 741 337 809 τινθς
360 741 388 801 δί
411 764 476 822 ροισι
498 740 572 800 κίονα
594 730 661 801 εἶναι
688 746 779 802 τοῦτον
801 744 916 823 χαλκοῑῖν

140 826 300 909 παμμεγέθη
318 828 417 909 ὑψηλόν
434 830 528 909 πηχῶν
540 826 776 907 κατ”λριστοεί
781 830 822 901 λη
836 828 875 910 χ’.

180 918 283 978 Simile
304 917 448 977 scholium
471 918 509 977 ud
535 918 655 977 eundem
682 918 820 995 Gregorii
845 918 912 979 Nus.

139 1007 307 1066 Orationem
331 1005 409 1085 apud
436 1006 551 1078 Pasini,
572 1008 659 1065 Codd.
678 1010 752 1065 Mss.
775 1009 914 1067 Bibliorlr.

143 1100 256 1155 iburin.
271 1107 293 1155 t.
308 1094 335 1168 l,
350 1114 382 1173 p.
399 1097 435 1167 73
452 1091 509 1153 2‘0
527 1098 554 1152 ἐν
568 1091 655 1175 Ῥόδιρ
675 1095 799 1163 κολοσσὸς
820 1098 915 1174 πηχῶν

141 1181 161 1253 ξ’
173 1186 293 1263 χαλκοῦ,
310 1181 338 1249 t<
352 1183 458 1253 ἐκτήκει
472 1182 533 1260 (sic)
549 1182 593 1242 ἐπὶ
616 1181 740 1264 Τιόερίου
761 1181 914 1263 Καίσαρος,

140 1269 463 1349 κατθἈριστοτίλην
478 1273 573 1350 πηχῶν
587 1271 630 1331 ιθ’.

512 1403 542 1442 α.

182 1492 327 1569 Georgius
341 1490 490 1550 Cedrenus
501 1512 532 1571 p.
548 1499 616 1567 ἀτη,
631 1492 671 1569 (p.
682 1500 737 1565 747
753 1492 799 1550 ed.
812 1490 914 1568 lionn.)

141 1580 177 1640 de
196 1580 342 1639 fertilitate
362 1591 446 1637 terrae
466 1589 570 1637 sunctae
584 1579 698 1637 locutus
722 1578 762 1637 itu
787 1580 882 1657 pergit
905 1597 912 1638 ε

140 1672 345 1750 Προσμαρτυρεῑ
366 1666 394 1727 di
417 1664 515 1733 τούτοις
544 1664 590 1725 καὶ
615 1670 629 1724 ὁ
659 1664 809 1745 σοφώτατος
836 1666 915 1745 Ἀρι-

140 1757 307 1830 στοτίλης
329 1754 425 1831 λόγων·
447 1783 459 1806 «
477 1756 532 1815 Καὶ
554 1754 605 1837 γθρ
621 1754 825 1835 πολυοίνθριυπός
845 1757 915 1814 ἐστιν

19 1906 20 1915 i
138 1848 156 1915 ἦ
180 1848 216 1921 γῆ
242 1847 290 1915 τῆς
314 1841 471 1921 ἐπαγγελίας
498 1842 544 1901 καί
572 1840 702 1909 παντοίοις
732 1848 843 1922 καρποῖς
870 1845 915 1901 εὖ.

140 1935 256 2001 θηνοῦσα
279 1927 406 2007 οίμπίλων
430 1951 459 1987 τε
482 1928 528 1987 καί
554 1929 704 2011 ἀκροδρύων
728 1928 774 1989 καί
794 1929 914 2009 φοινίκων

142 2021 240 2089 πλῆθος
255 2018 367 2077 οίπλεεον
381 2016 426 2076 καί
440 2015 523 2089 κτήνη
534 2016 681 2095 πάμπολλοι
692 2018 737 2076 καί
748 2016 859 2098 διοίφορα
871 2018 916 2077 καί

145 2104 287 2185 δαψιλὴςὴ
303 2104 401 2163 τούτων
423 2102 489 2182 νομὴ
510 2106 543 2163 δι’
555 2105 616 2164 ὅλου
637 2110 681 2165 τοῦ
702 2104 796 2187 χρόνου
817 2104 916 2182 γίνεται

138 2192 185 2251 tit
195 2192 243 2265 τὴν
256 2191 356 2264 πολλὴν
371 2192 512 2272 εὐκρασίαν
525 2197 572 2265 τῆς
583 2198 631 2272 γῆς
645 2192 690 2253 καί
704 2192 835 2267 πιότητα·
848 2194 915 2255 πολὺ

140 2279 168 2341 δὲ
182 2284 280 2352 πλῆθος
295 2280 341 2341 καί
365 2284 418 2341 τῶν
440 2282 588 2362 ἀρωμάτων
606 2282 654 2342 καί
672 2282 752 2342 λίθων
766 2284 915 2343 πολυτελῶν

141 2371 187 2430 καί
199 2375 298 2451 χρυσοῦ
313 2372 558 2451 παρακομιζομένου
570 2370 614 2431 &A
625 2374 676 2431 τῶν
691 2368 821 2452 Ἀρόθων.

512 2487 541 2546 3.

179 2596 326 2675 iosephus
341 2616 366 2656 c.
381 2598 490 2676 Apion.
506 2596 537 2669 l,
553 2617 590 2653 ou
611 2616 642 2675 p.
665 2595 722 2665 454
747 2618 755 2653 ι
778 2594 915 2675 Κλίαρχος

139 2681 206 2761 γείρ,
218 2684 232 2739 ὁ
243 2682 433 2763 Ἀριστοτέλους
446 2681 482 2741 ὢν
498 2683 618 2755 μαθητὴς
630 2682 676 2741 καί
689 2684 741 2741 τῶν
755 2684 786 2741 ίκ
799 2687 844 2741 τοῦ
859 2684 913 2742 Πε·

142 2771 252 2852 ριποίτου
276 2770 422 2851 φιλοσόφων
444 2770 544 2837 οὗδενθς
567 2773 701 2851 δεύτερος,
720 2772 747 2831 ίν
762 2771 801 2851 τῷ
817 2770 916 2850 reprimo.)

141 2859 202 2939 περί
215 2857 318 2919 Ὕπνου
334 2858 428 2939 βιόλίῳ
445 2859 523 2939 φησίν
537 2857 772 2938 Ἀριστοτέλην
782 2857 827 2917 τόν
842 2861 915 2918 διδοί-

142 2949 240 3005 σκαλον
259 2948 336 3006 αὐτοῦ
350 2946 411 3027 περί
424 2968 491 3013 τινος
506 2946 598 3027 ἀνδρὸς
606 2944 735 3006 Ἰουδαίου
748 2952 830 3007 ταῦτα
844 2948 916 3006 ἱστο-

144 3044 216 3114 ρεῖν,
230 3038 301 3115 αὐτῷ
313 3057 341 3093 τε
352 3033 397 3093 τὀν
410 3034 486 3111 λόγον
496 3032 824 3113 Ἀριστοτίλειθναείθησε.
836 3028 915 3093 Ἔστι

143 3125 166 3181 δ’
180 3120 248 3181 οδτω
269 3120 462 3203 γεγραμμίνον·
477 3150 489 3175 ι
504 3120 584 3180 Ἀλλδι
597 3123 631 3181 τθι
646 3120 693 3197 μίν
707 3120 794 3181 πολλὰ
811 3120 913 3201 μακρόν

141 3208 173 3269 δν
188 3208 228 3283 είη
243 3208 344 3292 λέγειν·
357 3208 406 3269 ὅσα
419 3209 442 3268 δ’
454 3208 509 3289 ἔχει
527 3212 578 3268 τῶν
594 3209 691 3269 ἐκείνου
716 3208 914 3286 θαυμαοιότητό

145 3422 318 3472 perimpium,
340 3404 384 3453 Dc
400 3402 496 3453 cubitos
510 3402 587 3453 ellum
604 3400 739 3453 seeundum
749 3402 913 3453 Aristotelem.

167 3488 285 3538 colossus
297 3488 376 3538 iibodi
383 3489 523 3539 cubitorum
535 3492 576 3541 Lx
586 3490 728 3554 eoeneum
741 3492 857 3555 regumte
871 3488 913 3539 ti·

142 3576 209 3627 berlo
223 3576 319 3627 desere
334 3575 404 3625 lusus
417 3579 467 3637 eet,
481 3577 616 3627 seeundum
629 3577 783 3629 Aristotelem
794 3579 858 3627 xix.

518 3696 541 3739 2.

172 3804 327 3867 suffragetur
346 3802 387 3854 bis
409 3804 482 3853 etism
504 3803 697 3867 sapientissimus
713 3804 857 3855 Aristoteles
876 3804 917 3853 bis

143 3891 223 3943 serbis
234 3912 241 3941 2
252 3894 314 3941 Nem
326 3894 392 3942 terro
410 3890 577 3955 promissionis
590 3893 615 3941 et
628 3891 755 3941 homiuum
768 3894 793 3942 et
806 3891 916 3941 omnium

140 3980 238 4042 bugum
251 3978 321 4043 copie
341 3978 457 4029 abundet.
473 3980 594 4028 immensa
614 3977 648 4029 ibi
668 3978 801 4029 multitudo
812 3978 915 4039 titium,

139 4066 267 4129 glandium
277 4068 302 4115 et
315 4064 451 4129 pebusrum
465 4083 472 4113 ι
484 4068 539 4115 tum
554 4065 633 4116 omnis
644 4065 739 4129 generis
752 4079 827 4129 pecus
839 4065 915 4115 omni·

140 4166 190 4217 que
200 4152 256 4201 euni
266 4154 374 4215 tempore
384 4164 475 4216 puseus
483 4151 514 4202 iis
526 4151 622 4203 abunde
629 4151 808 4217 suppeditantis
816 4154 917 4217 propter

142 4241 248 4305 opimam
259 4238 304 4289 soli
314 4238 457 4303 temperiem
462 4240 537 4303 etque
548 4239 718 4305 pinguedinem
729 4262 735 4291 z
745 4255 831 4305 magne
842 4240 916 4291 etium

140 4329 175 4380 ibi
185 4328 318 4379 multitudo
325 4332 471 4391 smmstum,
484 4328 593 4395 lapidum
601 4330 762 4395 pretiosorum
773 4331 876 4394 eurique
886 4345 916 4381 ex

143 4417 231 4467 Arabia
244 4416 440 4481 importetomm.

520 4526 543 4573 θ.

173 4633 308 4685 Clearchus
322 4634 387 4687 enim
399 4634 535 4685 Aristotelis
546 4634 696 4699 disciputus,
709 4636 735 4683 et
745 4633 918 4697 Peripatetico-

143 4734 199 4771 rum
212 4719 273 4771 nulli
287 4722 425 4785 secundus,
439 4720 503 4772 libro
514 4721 594 4785 primo
603 4720 635 4771 de
647 4723 736 4771 Somno
748 4719 808 4769 dicit
820 4719 916 4769 Aristo-

146 4808 221 4858 telem
233 4808 380 4873 megistrnm
391 4823 465 4859 suum
477 4808 508 4859 de
519 4808 626 4872 quodm
639 4808 694 4858 viro
707 4808 794 4857 ludeo
812 4806 861 4857 istu
876 4820 917 4858 re·

144 4896 225 4957 terre,
236 4896 392 4947 Aristotelem
403 4899 428 4948 in
441 4898 508 4947 bunc
520 4894 621 4947 modum
638 4896 778 4959 loquentem
790 4894 917 4946 inducens.

143 4985 183 5035 ru
194 4986 279 5035 eutem
290 4984 409 5048 scriptun
418 4988 464 5037 est.
477 5004 490 5029 ι
502 4984 551 5036 sed
564 4983 662 5048 longum
677 4986 741 5034 esset
753 4996 854 5034 uerrere
868 4982 920 5047 plu·

1682 370 1738 430 ast

971 506 1030 543 τινα
1039 485 1084 545 καί
1099 486 1266 567 φιλοσοφίαν,
1275 488 1372 565 ὁμοίως
1381 492 1489 553 διελθεῖν
1501 498 1529 554 οὐ
1538 504 1638 575 χεῖρον.
1650 500 1747 580 Σαρῶς

971 573 995 631 δ’
1010 572 1078 649 ίοθι,
1100 564 1190 646 εἶπεν,
1205 573 1367 657 Ύπεροχίδη
1379 622 1389 652 ,
1402 580 1508 659 ὀνείροις
1526 582 1572 641 iso
1593 607 1634 643 σοι
1659 584 1744 664 δόξω,

971 658 1067 738 λέγειν.
1091 660 1147 721 Καί
1165 665 1179 720 θ
1197 660 1377 744 Ὑπεροχίδης
1399 666 1601 745 εὖλαόοόμενος·
1622 667 1664 732 Ai'
1683 666 1747 735 αὐτὸ

970 747 1038 827 γάρ,
1053 746 1119 893 ipsi,
1133 754 1210 809 τοῦτο
1222 749 1268 809 καί
1282 753 1409 829 ζητοῦμεν
1424 757 1535 814 ἀκοῦσαι
1548 756 1653 826 πάντες.
1669 762 1744 822 Οθις-

971 840 1034 910 om,
1053 858 1126 895 επεν
1141 839 1155 894 ό
1169 836 1368 916 Ἀρισταιίλης,
1387 843 1458 899 κατθ
1479 842 1509 901 τὸ
1529 846 1582 902 τῶν
1600 847 1745 927 ῥητορικῶν

971 924 1163 1004 παράγγελμα,
1175 924 1206 985 τὸ
1225 924 1298 1004 γίνος
1311 929 1392 987 αὐτοῦ
1412 934 1516 1009 πρῶτον
1531 932 1688 1010 διέλθωμεν,
1701 933 1745 994 ίνα

971 1011 1009 1083 μὴ
1020 1013 1170 1089 ἅπειθῶμεν
1179 1016 1233 1081 τοῖς
1242 1016 1295 1075 τῶν
1305 1018 1473 1096 ἀπαγγελῶν
1484 1018 1658 1087 διδασκάλοις.
1668 1022 1746 1099 Λέγε,

971 1088 1043 1157 εἶπεν
1060 1099 1276 1181 όΎπεροχίδης,
1286 1101 1304 1161 ό
1314 1126 1340 1161 τι
1354 1125 1396 1162 σοι
1414 1107 1495 1166 δοκεῖ.
1511 1109 1642 1175 Κάκεῖνος
1662 1108 1746 1169 τοίνυν

970 1186 999 1247 τὸ
1014 1187 1061 1265 μὲν
1070 1187 1143 1267 γίνος
1154 1180 1186 1261 ἦν
1196 1188 1321 1257 Ἰουδαῖος
1335 1192 1367 1251 ἐκ
1377 1196 1424 1265 τῆς
1438 1192 1538 1266 Κοίλης
1549 1193 1663 1275 Συρίας,
1674 1187 1745 1257 οὗτοι

972 1275 1001 1333 δι’
1010 1277 1075 1334 εἰσιν
1087 1275 1210 1355 ἀπόγονοι
1223 1282 1276 1338 τῶν
1288 1280 1315 1337 ir
1325 1277 1415 1347 Ἰνδοῖς
1426 1282 1583 1363 φιλοσόφων.
1598 1287 1747 1345 Καλοῶνται

970 1364 1017 1436 θί,
1030 1363 1067 1431 ῶς
1086 1387 1180 1446 φασιν,
1200 1370 1224 1425 oi
1245 1367 1397 1450 φιλόσοφοι,
1416 1371 1490 1450 πορθ
1513 1370 1561 1448 μίν
1575 1374 1666 1440 Ἰνδοῖς
1687 1377 1746 1433 Κα-

969 1451 1062 1525 λανοί,
1074 1451 1149 1533 παρὰ
1168 1452 1196 1513 δί
1218 1455 1313 1535 Σύροις
1335 1456 1473 1533 Ἰουδαῖοι,
1486 1458 1602 1539 τοῦνομα
1621 1460 1745 1528 λαόόντες

970 1540 1024 1598 οίπθ
1044 1545 1091 1598 τοῦ
1108 1540 1207 1602 τόπου·
1220 1542 1444 1623 πρυσαγορεόεται
1466 1543 1517 1627 γθρ
1540 1546 1568 1607 δν
1594 1554 1745 1608 κατοικοῦσι

969 1627 1067 1703 τόπον,
1082 1627 1207 1689 Ἰουδαία.
1220 1628 1262 1689 Τί
1276 1630 1304 1689 δὲ
1316 1635 1365 1702 τῆς
1376 1635 1477 1702 πόλεως
1489 1636 1574 1693 αὐτῶν
1586 1633 1668 1711 ὄνομα
1678 1636 1746 1695 πάνυ

972 1715 1076 1773 σκολιόν
1086 1717 1172 1789 ίστιν,
1181 1713 1358 1796 Ἰερουσαλὴμ
1366 1720 1418 1800 γὰρ
1429 1720 1509 1792 αὐτὴν
1521 1726 1655 1785 καλοῦσιν.
1663 1717 1747 1794 Οὗτος

970 1793 1014 1861 οὖν
1026 1804 1042 1859 θ
1052 1800 1189 1883 ἅνθρωπος
1201 1802 1397 1882 ίπιξενοόμενός
1405 1830 1434 1866 τε
1444 1809 1549 1874 πολλοῖς
1561 1815 1614 1869 κάκ
1629 1815 1679 1870 τῶν
1692 1812 1747 1871 ἅνω

970 1888 1058 1949 τόπων
1072 1893 1108 1957 είς
1120 1892 1181 1960 soie
1200 1894 1397 1961 ίπιθαλαπίους
1417 1896 1637 1957 ὕποκαταόοιίνων
1651 1898 1747 1973 Ἑλλη-

969 1976 1040 2044 νικθς
1052 1968 1102 2055 ἦν,
1117 1981 1147 2039 οδ
1159 1983 1193 2061 τῆ
1207 1979 1337 2062 διαλίκτῳ
1351 1980 1443 2059 μόνω,
1455 1982 1524 2043 ἀλλὰ
1544 1984 1590 2043 καί
1611 1990 1644 2066 τῇ
1659 1991 1743 2068 ψυχῇ.

971 2065 1026 2125 Καί
1038 2066 1098 2125 τότε
1111 2066 1298 2147 διατριόόντων
1309 2071 1386 2146 ἡμῶν
1399 2070 1459 2151 περὶ
1473 2070 1521 2142 τὴν
1534 2072 1643 2151 Ἀσίαν,
1658 2098 1746 2156 παρα-

971 2150 1060 2212 θαλδνν
1076 2156 1112 2221 είς
1125 2153 1184 2222 rob<
1195 2153 1288 2223 αίιτοθς
1299 2157 1395 2224 τόπους
1405 2161 1432 2217 iv
1446 2149 1483 2227 οἷς
1501 2150 1583 2237 ἦμεν,
1594 2163 1745 2241 ίντυγχοίνει

970 2247 1035 2317 ἡμῖν
1053 2266 1083 2302 τε
1096 2242 1143 2304 καί
1165 2266 1233 2303 τισιν
1258 2243 1356 2324 ίτίροις
1367 2250 1421 2306 τῶν
1435 2247 1635 2327 σχολαστικῶν,
1648 2249 1746 2329 πειρόι·

970 2352 1048 2407 μενος
1061 2332 1148 2390 αὐτῶν
1160 2336 1208 2404 τῆς
1220 2330 1322 2411 σοφίας.
1335 2331 1383 2400 Ὦς
1400 2332 1428 2392 di
1442 2337 1548 2402 πολλοῖς
1564 2338 1616 2394 τῶν
1635 2338 1662 2393 ίν
1683 2360 1747 2395 παι·

970 2418 1028 2499 δείρ
1048 2420 1229 2500 συνῳκείωτο,
1254 2419 1396 2500 παρεδίδου
1418 2445 1444 2481 τι
1468 2424 1567 2499 μᾶλλον
1583 2414 1620 2482 ῶν
1637 2414 1718 2504 εἶχεν.
1733 2452 1746 2477 ν

970 2506 1057 2565 Ταῦτ’
1070 2508 1178 2587 είρηκεν
1193 2507 1374 2587 Ἀριστοτίλης
1389 2509 1463 2589 παρὰ
1483 2513 1522 2590 τῷ
1549 2510 1679 2593 Κλεόρχιρ
1701 2512 1747 2570 καί

969 2593 1079 2674 προσίοι
1087 2595 1188 2666 πολλὴν
1200 2595 1246 2654 καί
1255 2596 1404 2671 θαυμασίαν
1413 2596 1552 2675 καρτερίαν
1564 2604 1610 2657 ταῶ
1620 2597 1746 2658 Ἰουδαίου

971 2680 1063 2759 ἀνδρός
1077 2683 1106 2740 ἐν
1120 2686 1155 2759 τῇ
1169 2682 1256 2760 διαίτῃ
1271 2683 1316 2740 καὶ
1337 2682 1493 2762 σωφροσύνη
1514 2684 1625 2751 διεξιών.
1639 2682 1747 2746 Ἕνεστι

973 2768 1001 2827 di
1016 2776 1070 2836 τοῖς
1083 2769 1250 2848 βουλομένοις
1262 2769 1289 2836 ii
1300 2770 1382 2828 αδταῶ
1396 2768 1426 2829 εδ
1436 2769 1515 2829 πλέον
1529 2774 1627 2846 γνῶναι
1644 2779 1690 2831 τοῦ
1707 2780 1748 2854 βε·
1804 2825 1807 2829 .

972 2856 1062 2917 όλίου·
1075 2857 1241 2938 φνλοίττομαι
1264 2856 1316 2935 γθρ
1334 2856 1388 2934 ίγιίι
1408 2857 1444 2917 rit
1464 2860 1548 2918 πλείω
1571 2862 1623 2917 τῶν
1651 2862 1747 2920 ἱκανῶν

972 2944 1173 3026 παρατίθεσθαι.
1188 2945 1324 3025 Κλέαρχος
1335 2945 1382 3021 μίν
1396 2937 1442 3005 οὖν
1455 2949 1482 3007 ἐν
1495 2944 1658 3025 παρεκόιίσει
1671 2952 1746 3008 ταῦτ’

973 3032 1075 3111 ε’ίρηκεν
1091 3031 1132 3113 (εδ
1145 3033 1197 3112 γθρ
1209 3030 1379 3112 προκείμενον
1391 3034 1464 3115 αὐτῷ
1480 3024 1513 3105 ἦν
1531 3031 1646 3115 ἕτερον),
1666 3034 1748 3102 οὕτως

974 3122 1050 3197 ἡμῶν
1064 3119 1260 3196 μνημονεύσας.

1013 3208 1134 3288 ίοοορίνί
1157 3210 1252 3268 locum
1273 3208 1429 3289 exscripsit
1453 3208 1595 3269 Eusebius
1616 3210 1740 3289 Praepar.

971 3403 1086 3467 persequi
1094 3402 1154 3453 utile
1163 3402 1247 3453 tuerit.
1259 3402 1316 3452 Tibi
1323 3406 1422 3463 eutem,
1433 3401 1617 3466 Hyperoclrida,
1626 3406 1656 3453 ut
1663 3408 1746 3467 aperte

970 3491 1038 3555 quod
1052 3505 1092 3541 res
1108 3491 1147 3541 est
1159 3489 1256 3551 dicum,
1269 3490 1420 3540 somniorum
1435 3489 1496 3552 quid
1508 3490 1632 3553 persimile
1646 3504 1746 3541 uarrure

970 3578 1082 3629 videbor.
1104 3578 1152 3628 cni
1173 3576 1357 3641 uyperoettdes
1378 3577 1529 3638 verecunde,
1541 3579 1567 3627 et
1582 3579 1628 3627 nse
1641 3578 1693 3642 ipso
1714 3579 1746 3630 ds

970 3678 1046 3714 cume
1058 3664 1154 3727 iuquit,
1164 3663 1237 3713 nobis
1248 3663 1364 3714 omuibus
1372 3663 1488 3714 sudlendi
1500 3664 1648 3715 desiderium
1658 3664 1745 3718 cietur.

970 3754 1034 3815 Ergo
1045 3750 1144 3813 subiicit
1156 3750 1314 3812 Aristoteles,
1326 3764 1404 3815 genus
1421 3750 1540 3813 bominis,
1553 3753 1582 3801 ut
1599 3753 1747 3817 precipiunt

970 3838 1094 3902 rhetores,
1108 3839 1134 3889 iu
1153 3838 1239 3903 primis
1256 3838 1410 3902 operiemus,
1428 3852 1459 3889 ne
1476 3839 1565 3888 burum
1579 3838 1747 3891 narrationum

970 3926 1094 3992 magistris
1105 3926 1180 3978 iidem
1191 3927 1346 3991 denegemus.
1359 3929 1397 3975 'ru
1414 3939 1474 3975 vero
1488 3924 1529 3975 dic
1542 3924 1616 3990 ,quod
1630 3926 1744 3990 libuerit,

970 4014 1050 4078 iuquit
1059 4014 1251 4077 Hypemcbidss.
1263 4012 1308 4063 ille
1316 4026 1374 4077 ergo
1382 4016 1453 4077 geute
1465 4012 1565 4075 quidem
1575 4012 1679 4063 iudeus
1692 4017 1746 4064 erut

971 4100 1064 4155 ocule
1084 4101 1174 4166 sym:
1188 4101 1231 4151 isti
1241 4114 1302 4152 vero
1318 4100 1435 4165 originem
1449 4100 1546 4150 ducunt
1560 4114 1577 4150 ε
1593 4099 1746 4164 pbilosophis

971 4190 1038 4255 epud
1058 4184 1349 4253 praesidentesque,
1368 4191 1398 4238 ut
1417 4187 1500 4248 siunt,
1521 4186 1658 4251 philosophi
1679 4187 1745 4251 apud

971 4278 1045 4329 iudos
1057 4278 1158 4341 quidem
1167 4277 1264 4339 curui,
1277 4277 1344 4341 upud
1360 4279 1435 4339 spos
1449 4260 1533 4326 intem
1549 4274 1645 4336 iudei,
1656 4287 1745 4326 nomeu

971 4380 986 4417 ιι
1003 4365 1058 4416 looo
1071 4365 1232 4429 decipientem
1245 4378 1302 4429 quo
1313 4364 1379 4414 enim
1394 4363 1426 4412 ub
1440 4364 1471 4412 iis
1489 4361 1556 4426 regio
1570 4361 1686 4412 incolitur
1696 4363 1744 4412 Ju-

971 4454 1051 4505 dmum
1061 4454 1194 4504 nominent.
1206 4451 1280 4502 Urbis
1290 4454 1373 4501 eutem
1385 4450 1493 4515 ipsomm
1505 4463 1593 4500 nomeu
1602 4452 1743 4500 tortuosum

971 4539 1118 4600 admodum
1136 4537 1289 4588 Hierusalem
1309 4537 1375 4588 enim
1396 4540 1493 4587 vocent.
1512 4536 1655 4601 iincipitur
1670 4536 1745 4587 bomo

972 4641 1050 4691 quum
1062 4641 1077 4677 ο
1089 4625 1213 4691 plerisque
1225 4626 1331 4690 hospitio
1344 4624 1507 4689 exciperetur,
1518 4628 1543 4675 et
1553 4622 1745 4687 ssuperioribus

973 4713 1085 4778 pertibus
1110 4712 1143 4764 ud
1163 4712 1287 4763 maritime
1304 4712 1359 4762 lom
1375 4711 1547 4769 descenderet.
1565 4722 1615 4759 nou
1634 4721 1745 4759 semrom

973 4808 1084 4862 tuntum,
1096 4802 1224 4852 sedetiam
1233 4801 1317 4851 emmo
1326 4802 1428 4851 (insecus
1437 4802 1499 4849 erut.
1512 4800 1544 4847 Et
1553 4800 1613 4847 tuuc
1623 4796 1709 4856 nobis,
1719 4796 1744 4847 in

973 4892 1032 4942 Asis
1042 4891 1106 4940 torte
1116 4889 1269 4954 degentibus,
1275 4889 1365 4939 recidit
1375 4892 1404 4937 ut
1414 4887 1500 4938 eudem
1510 4884 1628 4949 appulsus
1638 4884 1669 4933 nd
1678 4882 1742 4945 loos,

973 4979 1101 5030 nobiseum
1123 4977 1286 5042 diminuto,
1307 4976 1427 5039 simulque
1446 4987 1504 5023 eum
1521 4971 1576 5022 uiiis
1596 4972 1745 5035 quitiusdam

144 5070 209 5121 rime
225 5092 232 5123 ;
246 5070 364 5135 quicquid
377 5084 435 5121 vero
443 5072 490 5123 boc
499 5072 525 5123 iu
537 5070 635 5123 bomine
651 5069 818 5121 udmbrboois
828 5068 919 5133 etquid
974 5065 1134 5133 philosophis
1146 5066 1277 5125 studiosis,
1285 5065 1434 5122 versaretur,
1445 5072 1532 5111 eorum
1540 5058 1664 5123 sapientie
1674 5071 1743 5123 erpe-

146 5158 239 5211 bsbere
261 5172 291 5209 εο
314 5158 484 5223 philosophum
506 5172 591 5226 supere
613 5158 719 5221 ridetur,
741 5156 828 5209 eodem
842 5156 917 5208 modo

975 5156 1107 5206 timentum
1117 5155 1216 5205 seriens.
1231 5156 1310 5215 Atque
1319 5155 1348 5201 ut
1358 5163 1415 5200 eum
1427 5146 1540 5213 plurimis
1553 5145 1664 5197 doctrine
1677 5158 1743 5210 pre-
