4017 5984
829 819 1046 878 PRAEttAt'ttn
1567 840 1601 876 nr

280 956 479 1050 conscripta
501 977 577 1022 esse
591 953 845 1047 comperimus,
867 977 932 1022 nec
958 950 1002 1021 dc
1023 967 1317 1045 argumentorum
1337 976 1415 1045 quar
1438 954 1600 1022 tractavit

281 1077 368 1146 mira
381 1077 566 1164 varietate,
584 1073 645 1146 sed
656 1099 769 1170 qumn
785 1075 962 1146 scribendi
979 1099 1107 1170 genere
1124 1090 1234 1171 atque
1245 1075 1359 1146 forma
1373 1075 1419 1145 ad
1434 1100 1599 1146 normam

257 1202 544 1270 Socraticorum
569 1215 679 1295 atque
705 1200 860 1270 Platonis
882 1199 1075 1270 accedente
1101 1224 1184 1270 eum
1212 1224 1317 1269 usum
1343 1224 1418 1271 esse
1444 1215 1597 1287 constet,

279 1347 393 1417 quum
403 1338 571 1420 praeterea
582 1337 618 1392 et
628 1321 821 1419 quamdam
837 1324 1094 1393 sententiarum
1104 1325 1141 1393 in
1149 1321 1344 1418 deperditis
1351 1320 1450 1392 libris
1459 1301 1600 1417 exposi-

281 1460 397 1514 tarum
413 1444 652 1516 differentiam
675 1444 944 1542 deprehendere
963 1445 1082 1529 liceat,
1104 1445 1179 1539 jam
1205 1446 1307 1540 quasi
1321 1444 1473 1516 alterum
1487 1445 1601 1517 habe-

279 1565 397 1638 bimus
417 1568 641 1639 Aristotelem
657 1567 703 1637 ab
719 1592 884 1664 ecquem
904 1592 924 1638 e
939 1556 1192 1666 superstitibus
1206 1569 1346 1664 scriptis
1358 1591 1506 1638 noscere
1516 1567 1600 1636 licet

277 1688 470 1760 diversum.
491 1691 578 1761 lnde
593 1691 726 1761 lactum
741 1703 849 1761 estut
866 1690 978 1760 multa
995 1689 1086 1760 male
1103 1714 1342 1787 perverseque
1356 1690 1402 1761 de
1416 1691 1601 1760 Aristotele

278 1813 428 1909 ejusque
447 1817 587 1911 scriptis
606 1816 641 1883 in
659 1814 786 1908 vulgus
800 1813 940 1909 prolata
959 1815 1041 1903 sint,
1068 1813 1116 1884 ob
1135 1813 1407 1910 deperditorum
1423 1815 1500 1908 ejus
1517 1815 1601 1885 scri-

279 1949 423 2030 plorum
440 1937 691 2032 ignorantiam.
705 1935 813 2022 Quod
824 1937 852 2005 si
863 1937 1062 2032 prasertim
1075 1936 1354 2032 fragmentorum
1365 1953 1601 2034 quotcunque

278 2083 319 2126 ex
341 2060 383 2128 iis
399 2074 537 2129 servata
564 2075 648 2130 sunt
666 2059 916 2130 collectionem
947 2059 1056 2156 paulo
1082 2043 1356 2156 locupletiorem
1372 2076 1455 2130 ante
1477 2060 1601 2130 oculos

278 2176 497 2264 habuissent,
516 2181 579 2276 qui
593 2179 777 2251 Strabonis
790 2195 827 2251 et
845 2179 1026 2251 Plutarchi
1043 2179 1165 2269 fidem,
1191 2184 1227 2250 in
1246 2183 1289 2251 iis
1306 2207 1387 2278 quae
1401 2182 1447 2252 de
1467 2185 1599 2253 Aristo-

278 2302 355 2372 telis
368 2302 541 2374 librorum
557 2321 637 2402 post
657 2305 734 2400 ejus
756 2321 908 2376 mortem
928 2303 1074 2376 fortuna
1099 2321 1258 2394 narrant,
1273 2303 1423 2398 elevare
1448 2309 1600 2401 aggressi

277 2444 357 2498 sunt
373 2427 436 2523 (ι),
453 2427 567 2498 lenius
579 2429 728 2499 sortasse
739 2426 784 2499 de
796 2428 913 2499 haere
925 2430 1142 2500 statuissent.
1157 2435 1210 2500 De
1224 2455 1294 2525 qua
1310 2445 1429 2500 tamen
1441 2430 1601 2501 refusius

276 2551 459 2646 disputare
476 2577 549 2621 non
564 2551 673 2646 hujus
686 2567 739 2622 est
759 2552 841 2638 loci,
860 2551 922 2622 sed
939 2552 984 2624 de
999 2553 1068 2622 illis
1079 2555 1202 2648 potius
1214 2552 1412 2624 videndum
1427 2557 1494 2623 erit
1506 2577 1600 2648 quo-

277 2697 359 2742 rum
380 2697 467 2744 cura
485 2675 521 2743 in
540 2673 746 2776 deperditos
765 2675 959 2746 Aristotelis
978 2674 1089 2746 libros
1114 2676 1245 2746 collata
1262 2675 1456 2747 notabilior
1473 2676 1550 2745 luit.

325 2795 516 2866 Utilitatem
539 2795 584 2866 de
607 2821 678 2893 qua
703 2795 774 2866 dixi
796 2797 1059 2893 perspiciend0‚
1076 2797 1168 2868 bene
1193 2797 1238 2868 de
1259 2799 1445 2868 Aristotele
1469 2798 1600 2868 meruit

278 2919 503 3011 gravissimus
536 2919 743 3016 philosophi
773 2921 978 3005 insectator,
1007 2921 1215 2990 Franciscus
1243 2922 1425 2991 Patricius.
1445 2926 1497 2991 De
1528 2920 1600 2990 hoc
1662 2904 1665 2912 ⁵

275 3044 370 3113 enim
386 3043 477 3130 viro,
493 3043 530 3112 in
548 3066 658 3139 quem
679 3043 782 3113 multi
807 3058 955 3140 propter
983 3044 1245 3139 iniquissimum
1267 3044 1393 3115 odium
1414 3069 1488 3140 quo
1517 3068 1600 3138 erga

275 3165 499 3236 Aristotelem
519 3165 702 3260 flagrabat,
726 3190 791 3236 suo
811 3165 970 3261 quodam
990 3165 1073 3259 jure
1098 3167 1229 3238 invecti
1251 3182 1347 3253 sunt,
1374 3168 1597 3237 verissimum

275 3311 350 3357 esse
365 3303 454 3385 puto
465 3287 642 3380 judicium
659 3287 804 3358 Jordani
820 3290 868 3358 ita
888 3287 1039 3358 dicentis
1061 3290 1098 3360 in
1119 3288 1213 3360 libro
1231 3289 1447 3360 Bechercltes
1466 3315 1529 3358 sur
1548 3291 1598 3359 les

276 3409 491 3480 traductr'ons
508 3411 638 3482 latinas
667 3410 866 3499 (tumme,
890 3436 928 3507 p.
953 3438 1037 3500 aao,
1066 3412 1124 3483 ed.
1146 3413 1207 3484 alt.
1231 3440 1239 3482 ε
1261 3419 1378 3483 «Esse
1407 3413 1596 3482 Patricium

276 3535 369 3603 inter
392 3537 706 3630 praestantissimos
729 3535 846 3604 saeculi
868 3539 945 3605 XVI
963 3551 1128 3607 auctores
1151 3551 1186 3607 et
1210 3537 1449 3606 literariarum
1475 3559 1596 3605 rerum

275 3656 433 3728 historiae
454 3657 748 3755 etphilosophiae
771 3657 1000 3728 Aristotelicae
1022 3659 1184 3754 apprime
1200 3680 1370 3753 gnarum,
1395 3657 1497 3752 cujus
1516 3658 1597 3726 Dis-

275 3782 454 3852 cussiones
468 3783 709 3878 Peripateticae
728 3805 867 3868 eorum,
890 3783 953 3877 qui
973 3796 1055 3877 post
1077 3783 1194 3877 ipsunt
1218 3781 1264 3851 de
1285 3781 1471 3851 Aristotele
1485 3781 1597 3876 scrip-

214 3971 219 3980 ,
276 3907 414 3990 sissent,
436 3902 614 3999 plerisque
630 3901 808 3973 scribendi
824 3903 1008 3973 materiam
1025 3902 1320 4000 suppeditassent.
1344 3935 1359 3967 a
1380 3901 1487 3990 Quod
1502 3901 1596 3972 etde

312 4139 323 4216 (
330 4140 353 4214 ι)
379 4141 420 4197 De
435 4139 554 4196 veritate
563 4159 662 4198 eorum
676 4161 739 4217 quae
753 4163 769 4199 a
784 4143 926 4200 Strabone
939 4141 959 4198 l.
971 4141 1045 4209 lllll,
1061 4161 1091 4216 p.
1100 4141 1170 4208 608,
1186 4151 1215 4196 et
1225 4139 1381 4200 Plutarcho
1393 4138 1424 4196 in
1437 4139 1500 4198 Vita
1513 4139 1596 4212 Syllae

273 4257 300 4296 c.
312 4239 360 4304 26,
377 4249 491 4294 narrata
506 4248 580 4305 sunt,
593 4235 730 4316 majorem
746 4252 856 4316 panem
870 4236 1044 4315 scriptorum
1056 4235 1214 4294 Aristotelis
1227 4249 1256 4294 et
1267 4235 1456 4313 Theophrasti
1466 4237 1503 4293 ad
1512 4236 1595 4309 Syllae

272 4353 362 4410 usque
375 4346 506 4411 tempora
519 4331 679 4404 delituisse,
697 4334 806 4412 primus
826 4333 970 4392 dubitavit
989 4345 1099 4401 auctor,
1117 4332 1245 4410 quisquis
1265 4333 1313 4390 illc
1332 4332 1399 4400 luit,
1420 4331 1534 4390 libelli:
1555 4335 1595 4388 les

272 4435 420 4488 Ame'nitez
439 4433 476 4486 de
495 4433 525 4485 la
542 4436 677 4504 critique,
701 4451 735 4492 ou
749 4437 951 4489 Dissertations
965 4443 993 4486 et
1006 4436 1177 4504 Remarques
1189 4433 1325 4486 nouvelles
1337 4450 1386 4486 sur
1398 4431 1489 4485 diuers
1498 4435 1595 4503 points

272 4530 309 4582 de
320 4531 481 4601 l'anthut'td
494 4531 703 4602 ecclesiasthue
715 4542 743 4584 et
753 4529 880 4602 profane
886 4569 897 4597 ,
912 4525 1008 4595 Paria,
1025 4529 1095 4587 cbez
1108 4526 1256 4586 Florentia
1269 4527 1423 4591 Delaulne,
1445 4547 1537 4600 ¹7¹7÷
1553 4526 1591 4582 cl.

271 4627 394 4681 Ιοιινηαὶ
404 4626 454 4680 des
466 4627 605 4692 Semta,
623 4625 714 4682 annce
732 4647 815 4699 1717,
832 4637 854 4683 t.
871 4623 947 4692 Llll,
967 4643 997 4701 p.
1014 4624 1071 4682 655
1086 4644 1109 4681 s.
1133 4623 1260 4682 Similem
1280 4622 1450 4680 sententiam
1470 4621 1595 4699 amplexi

272 4733 338 4779 sunt
353 4719 487 4788 Brandis,
508 4723 600 4780 Ueher
612 4722 659 4777 dte
672 4722 834 4780 Schtclaale
847 4723 900 4778 der
912 4721 1146 4778 Aristotelicum
1160 4721 1324 4792 Schriften,
1346 4719 1376 4777 in
1395 4719 1498 4778 mern.
1512 4724 1590 4778 Mus.

272 4829 293 4876 t.
310 4819 337 4888 l,
358 4839 387 4896 p.
407 4819 463 4875 236
478 4838 524 4886 ss,
543 4819 600 4893 259
614 4837 671 4890 ss.;
690 4818 783 4888 Stahr,
800 4822 983 4886 Aristotelia,
1004 4818 1100 4890 Helle,
1120 4817 1210 4886 1832,
1227 4829 1250 4876 t.
1266 4817 1307 4884 ll,
1323 4837 1353 4893 p.
1371 4816 1439 4886 511,
1455 4813 1593 4889 multique

273 4913 330 4973 alii.
522 4927 526 4936 '
