4017 5984
188 446 249 507 itt

182 581 334 656 Peripatet.
349 599 378 657 p.
392 600 430 656 29
443 598 528 638 verso
544 577 592 638 ed.
606 577 707 638 Venet.
728 577 831 657 1571).
845 580 954 639 Lenius

182 679 226 724 est
241 666 365 725 aliorum
374 665 536 743 judicium3
547 666 657 744 quippe
673 667 724 743 qui
741 664 816 724 illud
830 678 955 725 tantum-

182 753 271 812 modo
283 755 592 827 evincereconantur,
605 754 632 812 Ἰ
632 754 785 832 epicorum
807 754 954 813 recensio·

183 860 249 899 nem
269 860 355 918 (quam
378 841 466 899 hodie
479 840 633 917 habemus,
647 841 793 900 diversam
807 860 873 901 esse
891 842 956 901 sive

183 928 221 986 ab
233 948 268 987 ea
282 948 369 1007 quam
388 930 494 1008 saepius
508 928 572 1007 ipse
586 930 757 989 Aristoteles
770 930 956 1006 significave-

182 1017 231 1089 rit,
256 1018 319 1075 sire
341 1038 428 1095 quam
452 1016 556 1076 Cicero
579 1017 757 1078 tractaverit.
777 1023 957 1095 Argumenta

181 1128 252 1167 rero
266 1106 375 1184 quibus
389 1108 437 1167 usi
454 1119 533 1179 sunt,
549 1107 582 1165 in
600 1120 730 1166 neutram
745 1118 857 1185 partem
872 1108 956 1165 sulli-

183 1194 273 1253 ciunt.
298 1199 343 1254 De
361 1194 503 1253 Cicerone
529 1193 644 1270 egregie
667 1194 723 1253 hoc
747 1194 957 1253 demonstravit.

180 1280 241 1340 Jos.
255 1281 400 1354 Kleinius,
413 1284 446 1340 in
457 1282 662 1341 dissertatione
676 1286 720 1339 De
724 1281 855 1355 simibus
869 1286 955 1358 Topi-

180 1383 273 1420 ccrum
292 1364 443 1435 Ciceronis,
455 1361 573 1433 Bonnae,
588 1363 662 1430 1844
671 1383 679 1433 ;
688 1361 725 1419 de
732 1362 798 1439 ipso
808 1381 878 1420 vero
888 1364 955 1421 Ari·

181 1450 282 1507 stotele
293 1468 398 1506 vereor
407 1462 440 1507 ut
448 1450 582 1525 cuiquam
591 1448 782 1525 persuadeant
791 1468 856 1526 quae
863 1468 957 1526 nuper

138 1576 141 1580 -
180 1538 211 1595 in
228 1537 302 1595 hanc
316 1537 488 1596 sententiam
504 1536 563 1595 aC.
574 1536 720 1597 'l'hurotio
733 1537 880 1616 disputata
889 1551 957 1597 sunt

181 1629 289 1700 {Revue
308 1634 423 1702 critique
442 1638 463 1683 t.
486 1624 527 1704 il,
547 1647 579 1704 p.
602 1627 685 1702 198).
702 1626 772 1684 loci
792 1627 869 1685 enim
889 1626 957 1704 plri-

180 1713 296 1793 losophi
317 1734 392 1791 quos
407 1714 533 1786 notarit,
552 1713 707 1791 inquibus
727 1732 820 1792 quaec
835 1714 957 1792 'l'opicis

180 1806 293 1865 laudari
316 1805 466 1881 videntur,
479 1808 510 1865 in
529 1808 567 1866 iis
592 1807 724 1886 reperire
741 1828 803 1866 non
821 1809 955 1884 contigit,

180 1896 251 1955 tales
265 1909 334 1955 sunt
347 1896 384 1954 ad
411 1915 505 1955 unum
519 1914 620 1955 omnes
641 1895 739 1974 (llhet.
757 1895 784 1970 Ι,
800 1918 830 1975 a,
846 1918 882 1956 aa
891 1920 900 1970 ;
914 1896 955 1974 ll,

180 1986 228 2057 23,
243 2005 278 2061 93
289 1986 337 2057 25,
350 1986 384 2057 33
408 1986 458 2057 αθ,
472 1994 487 2052 l.
500 1987 520 2062 )‚
544 1996 578 2043 ut
598 2005 658 2043 non
676 1997 787 2044 certum
812 1985 955 2062 quendam

179 2072 300 2146 librum,
327 2071 378 2131 sed
406 2074 501 2149 ipsam
530 2072 719 2149 disciplinam
742 2072 954 2147 significaverit

180 2160 364 2232 Aristoteles,
380 2160 467 2218 sicuti
476 2159 593 2234 egregie
601 2159 664 2235 jam
678 2158 846 2218 observavit
860 2160 893 2219 P.
907 2160 954 2218 Vi·

730 446 976 507 ARISTOTELlS
997 446 1246 507 FRAGMENTA.

1010 579 1208 638 collectionem
1225 581 1385 659 respexerit
1397 580 1566 660 Simplicius
1580 585 1612 643 in
1624 583 1722 643 verbis
1733 606 1784 645 se·

1008 666 1076 744 pius
1085 669 1144 741 jam
1158 667 1282 727 laudatis
1296 687 1384 744 supra
1398 669 1432 729 ir.
1457 672 1524 746 τδρ,
1540 691 1598 729 non
1614 671 1711 731 minus
1726 672 1785 731 ior·

1008 766 1083 813 tasse
1092 773 1179 832 quam
1190 755 1353 814 Alexander
1367 756 1617 833 Aplrrodisiensis,
1629 758 1680 834 qui
1692 756 1786 817 tribus

1009 842 1041 900 in
1053 842 1126 901 locis
1138 843 1302 903 Aristotelis
1317 843 1502 901 Divisionum
1522 844 1665 903 meminit.

1049 928 1181 989 Similem
1196 948 1268 988 vero
1294 930 1480 989 Divisionum
1502 928 1610 988 librum
1631 931 1786 1009 aliquoties

1008 1016 1041 1075 in
1060 1017 1255 1096 lletaphysica
1277 1018 1340 1097 ipse
1366 1017 1532 1094 significare
1554 1019 1671 1079 ridetur
1691 1020 1786 1098 philo·

1009 1105 1128 1183 sophus.
1144 1106 1215 1175 Quae
1229 1106 1308 1164 enim
1326 1106 1370 1165 ibi
1384 1106 1521 1182 leguntur
1535 1106 1586 1180 IX,
1602 1108 1631 1180 3,
1649 1111 1665 1165 3
1684 1106 1787 1169 ιἸζστι

1009 1190 1087 1251 δίτοῦ
1095 1190 1142 1268 μὲν
1152 1192 1215 1265 ἑνός,
1226 1190 1316 1271 ῶσπερ
1328 1194 1374 1252 καί
1384 1196 1411 1252 ἐν
1420 1198 1454 1271 τῇ
1464 1193 1590 1275 διαιρέσει
1598 1200 1649 1254 τῶν
1663 1196 1786 1255 ἐναντίοιν
1854 1192 1858 1197 ’

1009 1280 1205 1360 διεγράψαμεν,
1220 1281 1250 1339 τί
1262 1278 1344 1339 ταῦτδ
1363 1279 1409 1340 καί
1429 1279 1518 1357 ὅμοιον
1540 1280 1586 1340 καί
1600 1280 1674 1361 ἴσον,
1689 1288 1734 1341 τοῦ
1759 1282 1787 1343 δὲ

1009 1366 1123 1437 πλήθους
1136 1368 1167 1429 τὸ
1179 1368 1266 1447 ἕτερον
1279 1366 1326 1427 καί
1335 1369 1456 1445 ἀνόμοιον
1465 1369 1510 1427 καί
1524 1370 1621 1443 ἄνισον,
1636 1390 1670 1428 ea
1683 1374 1786 1450 procul
1871 1436 1877 1445 ,

1009 1454 1100 1513 dubio
1129 1456 1165 1516 de
1183 1456 1285 1515 eodem
1303 1455 1382 1515 libro
1402 1457 1592 1533 intelligenda
1615 1472 1683 1517 sunt
1698 1478 1786 1536 quem

1009 1556 1150 1602 memorat
1163 1542 1216 1617 ΙΙΙ,
1232 1564 1261 1615 α,
1274 1545 1292 1603 6
1304 1565 1312 1602 t
1332 1544 1431 1623 Σχεδὸν
1442 1541 1469 1602 δὲ
1485 1544 1572 1603 πάντα
1588 1545 1714 1623 ἀνάγεται
1728 1549 1786 1607 τοῖν·

1010 1628 1087 1689 αντία
1110 1633 1146 1697 είς
1167 1629 1215 1702 τὴν
1238 1627 1323 1710 ἀρχὴν
1348 1631 1456 1703 ταύτην.
1483 1631 1662 1711 Τεθεωρήσθω
1678 1634 1700 1691 δ’
1722 1637 1786 1709 ἡμῖν

1010 1722 1096 1775 ταῦτα
1120 1720 1146 1777 ἐν
1170 1716 1332 1799 τῇἘκλογῇ
1346 1721 1398 1777 τῶν
1417 1720 1554 1792 ἐναντίων,
1570 1733 1598 1778 et
1620 1721 1736 1799 saepiuS,
1760 1721 1785 1781 si

1010 1804 1143 1865 habenda
1163 1819 1206 1865 est
1225 1806 1297 1867 fides
1320 1807 1449 1884 antiquis
1471 1808 1691 1885 interpretibus,
1715 1829 1787 1885 quo·

1009 1912 1075 1952 rum
1092 1894 1260 1953 testimonia
1277 1894 1339 1972 jam
1357 1914 1447 1973 supra
1460 1895 1657 1971 congessimus
1682 1895 1784 1971 fragm.

1011 2000 1028 2039 a
1048 1980 1195 2041 librorum
1209 1982 1270 2062 περί
1291 1987 1436 2062 τἈγαθοῦ.
1461 1990 1499 2043 At
1513 1984 1585 2060 quid
1600 1982 1658 2042 sibi
1673 1985 1721 2043 isti
1737 2004 1785 2041 vo·

1010 2068 1074 2127 lunt
1103 2088 1193 2145 quum
1227 2069 1302 2128 hanc
1326 2070 1456 2147 Ἐκλογλν
1489 2072 1552 2130 sive
1576 2069 1709 2148 Διαίρεσιν
1732 2074 1784 2131 τῶν

1008 2152 1133 2212 θναντίων
1147 2156 1179 2213 in
1202 2155 1279 2216 libro
1302 2158 1429 2217 secundo
1449 2158 1485 2215 de
1500 2158 1580 2217 Dono
1600 2159 1701 2218 saetam
1723 2180 1785 2220 csse

179 2248 290 2306 ctorius
304 2248 338 2306 in
361 2245 446 2306 Rhet.
462 2244 503 2318 ll,
521 2264 571 2321 aa,
590 2265 624 2302 ιο
643 2267 651 2302 ι
670 2245 779 2304 «Valet
797 2259 890 2304 autem
906 2246 956 2307 hic
1012 2241 1176 2300 affirmanti
1190 2242 1374 2303 Manifestum
1391 2264 1520 2303 errorem
1542 2246 1606 2323 ipsa
1629 2247 1784 2309 Alexandri

179 2334 270 2415 ὥσπερ
295 2337 322 2393 ἐν
341 2335 395 2401 τοῖς
412 2342 586 2407 seruoque
603 2334 637 2392 in
660 2334 885 2413 disciplinatius
908 2337 952 2409 fir,
1011 2342 1138 2404 arguunt
1155 2329 1256 2392 vei-ba.
1278 2331 1373 2400 Quum
1398 2334 1476 2390 enim
1492 2333 1528 2391 ai
1545 2334 1668 2392 aiterum
1689 2336 1784 2395 locum

180 2445 238 2502 qua
252 2424 310 2483 loci
325 2426 465 2501 sedesque
479 2435 716 2499 argumentorum
724 2437 951 2484 monstrantur.»
989 2434 1039 2499 ,p
1060 2418 1134 2490 ios,
1153 2439 1188 2495 19
1202 2418 1303 2477 Bonita
1325 2420 1365 2478 ita
1378 2420 1541 2495 scripsisset
1561 2422 1742 2497 εἈναπέμπει
1757 2424 1784 2483 δέ

180 2512 279 2571 Restat
294 2513 385 2588 igitur
398 2532 489 2571 unum
507 2510 596 2584 illud,
614 2510 693 2588 quod
717 2513 824 2591 saepius
843 2512 868 2569 T
870 2513 955 2591 opica
1010 2505 1080 2579 ἡμᾶς
1095 2502 1155 2584 περί
1176 2509 1221 2562 τοῦ
1234 2508 1332 2581 γνῶναι
1346 2505 1386 2565 δτι
1405 2504 1497 2585 σχεδὸν
1518 2507 1606 2566 πάντα
1624 2508 1658 2569 τὰ
1677 2510 1782 2571 ἐναντία

180 2602 371 2660 nominantur
385 2620 440 2679 pro
451 2600 488 2658 iis
504 2620 569 2678 quae
578 2600 610 2658 in
629 2598 803 2678 Sophisticis
817 2600 954 2661 Elenclris

180 2700 300 2748 tractata
316 2703 402 2761 sunt,
421 2690 463 2747 ita
477 2689 514 2746 de
533 2688 774 2767 interpretatione
798 2711 823 2750 c.
854 2710 907 2761 11,
923 2712 953 2763 a,

178 2776 231 2835 ubi
244 2778 306 2854 jam
320 2778 418 2837 Schol.
441 2777 520 2856 apud
531 2777 633 2839 Waitz.
648 2789 669 2834 t.
688 2775 714 2850 Ι,
729 2798 759 2855 p.
786 2785 823 2845 Aa
842 2777 953 2837 adscri-

179 2867 239 2944 psit
260 2888 266 2922 :
284 2865 331 2925 Ἐν
349 2864 400 2946 γάρ
417 2869 471 2931 τοῖς
491 2866 658 2945 Σοριστικοῖς
677 2865 815 2947 Ἐλέγροις
837 2867 955 2927 διδάσκει

178 2954 239 3033 περί
252 2954 365 3025 τούτων,
380 2955 417 3016 cf.
429 2954 531 3014 Waitc.
544 2967 565 3011 t.
589 2953 630 3026 ΙΙ,
642 2975 673 3033 p.
689 2954 747 3013 528
763 2976 820 3033 sq,
837 2958 953 3035 Analyt.

179 3041 271 3119 prior.
290 3039 328 3113 ll,
347 3061 395 3116 19,
413 3061 442 3107 α,
461 3041 580 3099 llhetor.
602 3040 656 3113 ΙΙΙ,
681 3042 729 3114 18,
741 3043 769 3103 5.
785 3042 869 3102 Unde
881 3065 953 3104 vero

184 3129 210 3187 si
231 3129 305 3185 illud
321 3140 400 3185 certo
422 3128 544 3202 colligas
564 3128 649 3186 aliter
673 3129 846 3189 distributos
866 3132 954 3191 inisse

181 3215 233 3273 hos
247 3216 340 3273 libros
359 3214 395 3271 ab
418 3214 602 3288 Andronico,
618 3214 654 3273 de
670 3215 734 3293 ipsa
754 3236 855 3276 eorum
879 3220 953 3278 inte·

179 3304 283 3378 gritate
294 3301 367 3359 nihil
380 3300 468 3359 statui
483 3302 601 3379 poterit.

423 3464 458 3523 V.
481 3466 712 3526 ΔΙΑΙΡΕΣΕΙΣ.

220 3646 329 3705 Praeter
348 3646 512 3705 Platonieas
529 3647 695 3706 Divisiones
716 3648 896 3721 Aristotelis,
916 3650 953 3709 de

179 3736 287 3813 quibus
312 3754 400 3813 supra
421 3735 566 3808 diximus,
587 3736 687 3793 eodem
703 3736 766 3796 sive
787 3738 877 3798 simili
901 3760 952 3799 no·

180 3824 260 3881 mine
283 3823 418 3900 inscripti
442 3821 512 3881 libri
525 3823 595 3882 satis
610 3824 693 3883 multi
719 3824 950 3901 perimebantur.

178 3910 251 3988 Ejus
274 3912 389 3986 generis
407 3924 476 3968 sunt
495 3911 573 3969 tituli
595 3911 740 3989 Διαιρέσεις
762 3913 913 3993 σοριστιιιαί
930 3914 952 3973 δ

181 4000 266 4077 (29),
276 3998 420 4077 Διαιρέσεις
428 3996 458 4067 ιζ’
468 3998 520 4078 (da
529 3999 557 4079 )‚
568 4004 738 4079 Διαιρετικῶν
750 3999 775 4059 α’
786 4002 869 4080 (43),
877 4007 950 4063 Διαι-

181 4086 279 4163 ρετικὸν
292 4086 318 4144 α’
327 4086 617 4164 (θα),Ἐνθυρημάτων
627 4088 774 4169 Διαιρέσεις
784 4089 809 4149 α’
817 4090 866 4170 (85
875 4092 952 4170 apud

179 4174 337 4250 Diogenem
357 4174 526 4249 laertium),
547 4195 671 4253 quorum
693 4178 820 4255 primum
841 4182 952 4240 solum·

180 4261 268 4321 inodo
282 4276 311 4321 et
326 4263 461 4321 ultimum
479 4276 608 4322 recenset
622 4265 794 4342 Anonymus
810 4268 875 4343 (29,
892 4268 951 4348 69),

178 4370 269 4428 quum
289 4371 363 4428 ‹qiios
381 4350 467 4409 habet
483 4351 765 4413 Dscbemaluddinus
789 4351 856 4433 (51,
880 4357 916 4414 53
927 4357 951 4437 ),

179 4438 278 4517 primo
290 4452 320 4495 et
333 4438 461 4497 secundo
471 4439 649 4517 respondere
659 4440 807 4501 ridentur.
827 4443 911 4512 Quod
926 4446 952 4505 si

179 4530 285 4608 quaein
308 4530 369 4603 ejus
395 4528 492 4586 indice
511 4527 548 4586 ad
569 4529 692 4587 alterum
717 4530 863 4609 adscripta
886 4547 954 4592 sunt

178 4618 294 4675 titulum
308 4636 316 4673 ε
335 4620 485 4673 Divisiones
494 4619 559 4672 libri
569 4620 689 4689 XXVI,
701 4632 902 4693 argumentum
913 4620 951 4679 li·

1007 2593 1043 2657 ὡς
1054 2592 1089 2659 είς
1103 2591 1186 2671 ἀρχὴν
1202 2592 1327 2672 άνάγεται
1338 2592 1367 2653 τό
1378 2617 1406 2653 τε
1419 2594 1446 2653 ἓν
1461 2596 1507 2653 καὶ
1519 2594 1549 2653 τί
1563 2596 1661 2668 πλῆθος
1687 2599 1722 2663 είς
1734 2599 1781 2669 τὴν

1009 2676 1139 2757 Ἐκλογὴν
1152 2682 1204 2738 τῶν
1219 2680 1358 2753 έναντίων,
1381 2685 1422 2752 ῶςΔ
1442 2682 1495 2765 ἰδίᾳ
1517 2684 1578 2763 περὶ
1603 2684 1701 2743 τούτων
1716 2689 1785 2760 (ἐκεῖ

1008 2766 1151 2826 excidisse
1164 2767 1288 2849 ridetur]
1301 2770 1578 2849 πραγματευσάμενος.
1592 2770 1691 2851 Εἷρηκε
1703 2773 1783 2851 (εἴρη-

1008 2857 1086 2936 ταιέ)
1102 2855 1130 2915 δὲ
1143 2856 1204 2938 περ)
1213 2861 1259 2930 τῆς
1272 2858 1394 2930 τοιαύτης
1404 2862 1514 2937 ἐκλογῆς
1524 2860 1568 2917 καί
1578 2862 1603 2917 ἐν
1617 2865 1655 2940 τῷ
1671 2862 1781 2945 δευτέρῳ

1008 2944 1068 3024 περὶ
1082 2944 1224 3025 τἈγαθοῦ,
1240 2947 1320 3006 infra
1331 2947 1367 3005 ad
1389 2966 1423 3006 ea
1437 2968 1502 3023 quae
1518 2950 1683 3007 Aristoteles
1697 2950 1784 3009 dixe·

1007 3044 1053 3091 rat
1074 3031 1128 3105 ΙΙΙ,
1149 3054 1177 3106 a,
1197 3036 1230 3092 13
1254 3054 1261 3091 ε
1291 3035 1415 3114 Εἰλήφθω
1437 3034 1532 3113 γὰρὴ
1553 3034 1676 3112 ἀναγωγὴ
1700 3037 1780 3114 ἡμῖν,

1007 3138 1067 3178 non
1078 3120 1140 3198 jam
1161 3140 1227 3180 cum
1241 3136 1332 3181 semet
1346 3123 1410 3199 ipso
1427 3122 1609 3179 consentiens
1622 3122 1683 3179 lraec
1695 3124 1785 3181 adno-

1008 3220 1059 3282 tat,
1075 3230 1104 3289 p.
1120 3212 1195 3284 218,
1219 3230 1253 3269 ro
1270 3231 1277 3267 ε
1291 3208 1343 3270 did
1355 3212 1382 3269 δὲ
1395 3214 1453 3267 τοῦ·
1470 3236 1483 3262 ι
1496 3208 1610 3289 εἰλήφθω
1621 3208 1672 3286 γάρ
1684 3214 1701 3279 ἡ
1714 3211 1781 3267 ιἰνα-

1007 3295 1081 3373 γωγὴ
1096 3301 1161 3373 ἡμῖν
1181 3324 1194 3351 ν
1213 3294 1363 3373 ἀναπέμπει
1377 3295 1455 3354 πάλιν
1472 3300 1543 3371 ἡμᾶς
1561 3296 1596 3363 είς
1616 3295 1650 3353 τὰ
1664 3301 1690 3356 έν
1706 3300 1743 3378 τῷ
1758 3299 1782 3376 β’

1007 3385 1068 3464 περί
1088 3384 1214 3463 τ’Δγαθοῦ
1228 3382 1397 3463 δεδειγμένα,
1414 3404 1478 3462 quae
1491 3384 1598 3443 iterum
1613 3386 1709 3444 statim
1734 3406 1781 3445 re·

1005 3473 1078 3549 petit
1088 3492 1117 3531 v.
1136 3474 1170 3531 13
1190 3494 1197 3531 ε
1211 3471 1303 3534 Εἰπὼν
1317 3472 1357 3532 dr:
1372 3496 1428 3538 πως
1444 3474 1477 3529 τά
1485 3471 1589 3529 ἐναντία
1600 3474 1688 3533 πάντα
1704 3476 1739 3541 εἷς
1752 3476 1783 3535 τὸ

1005 3558 1033 3618 ἓν
1047 3559 1094 3619 καί
1107 3561 1205 3634 πλῆθος
1221 3560 1363 3637 ἀνάγεται,
1378 3559 1424 3618 καί
1438 3566 1515 3619 τοῦτο
1537 3560 1570 3619 δι’
1579 3550 1612 3631 ἧς
1634 3561 1780 3634 πεποίηται

1007 3648 1202 3725 αΙναγωγῆςτῶν
1211 3648 1367 3706 Ιναντίωνέν
1376 3649 1412 3725 τῷ
1421 3646 1446 3725 β’
1455 3645 1515 3725 περὶ
1524 3646 1648 3723 ’.Ἀγαθοῦ
1657 3650 1782 3713 εἰσταῦτα

1005 3734 1204 3811 πιστωσάμενος
1229 3738 1285 3796 xri.
1311 3735 1381 3805 Quae
1402 3734 1535 3793 conlusio
1559 3734 1637 3795 unde
1657 3748 1721 3795 orta
1745 3738 1785 3796 sit

1005 3824 1147 3883 extricare
1161 3842 1273 3903 nequeo
1284 3824 1371 3905 (nihil
1384 3824 1460 3881 enim
1468 3822 1552 3901 juvat
1565 3825 1709 3901 quodalio
1721 3828 1783 3884 loco
1831 3903 1832 3907 ρ

1006 3910 1038 3970 in
1050 3911 1152 3992 Topic.
1168 3934 1197 3991 p.
1222 3914 1295 3986 126,
1315 3912 1363 3984 τὴν
1377 3910 1513 3992 Διαίρεσιν
1535 3914 1587 3969 τῶν
1603 3914 1706 3990 ἀγαθῶν
1726 3932 1781 3971 no-

1005 4003 1113 4074 minat3
1125 4000 1163 4060 cl.
1184 4001 1225 4061 ib.
1242 4022 1271 4080 p.
1285 4001 1322 4059 δα
1346 4000 1414 4060 εἘν
1431 4004 1464 4079 rii
1478 4003 1529 4059 τῶν
1549 4002 1690 4079 πολλαχῶς
1705 4002 1781 4079 λεγο·

1007 4088 1092 4165 μένων
1104 4090 1229 4166 διαιρέσει
1248 4132 1282 4150 ...
1296 4088 1344 4159 τὴν
1358 4088 1469 4165 ἐκλογὴν
1484 4087 1622 4159 ποιήσεται
1635 4084 1778 4165 λογικῶς),

1006 4177 1080 4236 illud
1091 4189 1186 4235 autem
1196 4176 1342 4236 affirmare
1356 4178 1450 4237 ausim
1461 4176 1557 4254 priora
1568 4187 1677 4233 tantum
1689 4174 1778 4233 modo

1005 4284 1077 4323 uera
1090 4282 1168 4336 esse,
1188 4264 1229 4323 ita
1249 4276 1282 4323 ut
1303 4264 1423 4324 minime
1433 4264 1470 4322 de
1483 4262 1569 4322 libris
1580 4262 1615 4319 de
1627 4266 1725 4332 Bono,
1749 4262 1779 4320 in

1005 4352 1113 4430 quibus
1140 4352 1311 4411 Aristoteles
1331 4352 1408 4413 solas
1423 4350 1552 4409 Platonis
1566 4348 1721 4427 opiniones
1736 4368 1781 4407 re·

1007 4440 1126 4512 tulerat,
1156 4439 1206 4499 sed
1227 4438 1264 4498 de
1286 4440 1430 4517 peculiari
1457 4438 1583 4515 quodam
1617 4435 1782 4494 Aristotelis

1004 4528 1116 4606 scripto
1128 4525 1313 4602 cogitandum
1324 4529 1372 4587 sit.
1385 4531 1444 4584 Nec
1454 4525 1527 4583 alius
1538 4524 1656 4583 sortasse
1666 4523 1714 4581 liic
1728 4523 1781 4582 suit

1004 4635 1092 4692 quam
1111 4615 1195 4693 cujus
1214 4615 1330 4673 titulum
1343 4612 1403 4693 περί
1424 4611 1565 4672 Ἐναντίων
1594 4609 1619 4667 α’
1636 4610 1779 4685 Diogenes

178 4703 277 4764 briita
288 4704 436 4761 indicatur
447 4722 457 4761 ε
468 4706 696 4761 Tractaturlibro
702 4706 797 4762 hoedo
807 4714 949 4783 temporis,
1007 4702 1067 4779 (30)
1083 4716 1112 4761 et
1126 4702 1297 4779 Anonymus
1311 4699 1379 4780 (30)
1394 4712 1553 4761 recensent.
1565 4698 1640 4757 Num
1651 4718 1721 4757 vero
1734 4698 1781 4757 liic

180 4800 272 4849 aniani
284 4806 313 4848 et
324 4794 508 4867 cupiditatum
522 4794 707 4860 divisionibus,
724 4795 880 4867 drepente,
896 4816 951 4872 pa·
1007 4789 1084 4849 liber
1096 4789 1174 4849 idem
1195 4789 1284 4848 luisse
1297 4788 1509 4847 existimandus
1528 4788 1566 4845 sit
1588 4798 1674 4865 atque
1694 4804 1779 4863 quem

180 4887 266 4938 tiente
277 4894 305 4937 et
316 4887 440 4948 actione,
456 4882 606 4951 άεοιιιοια,
621 4881 657 4935 cle
666 4881 730 4935 boni
736 4880 902 4956 generibus,
921 4903 950 4939 in
1004 4876 1064 4957 περί
1088 4876 1283 4955 Ἀντικειμένων
1310 4888 1397 4935 vocat
1428 4874 1607 4952 Simplicius,
1634 4872 1779 4951 conjicere

181 4975 280 5045 quibus
291 4974 351 5028 ulio
366 4992 431 5047 quoe
446 4972 585 5027 intellectu
598 4973 794 5044 percipimur,
807 4972 870 5026 alia
888 4993 953 5047 qun·
1005 4966 1123 5042 quidem
1139 4964 1218 5035 licet,
1236 4962 1392 5041 dijudicari
1407 4982 1478 5021 vero
1493 4962 1602 5040 nequit.

182 5062 211 5114 in
221 5066 323 5127 animo,
339 5060 555 5135 aliaquoeeetm
566 5063 778 5114 animumsuut:
792 5060 910 5134 denique
917 5064 953 5117 de

183 5146 307 5201 bonitate
318 5152 401 5222 atque
409 5150 526 5218 malitia,
540 5164 644 5203 trecnon
658 5148 694 5201 de
704 5150 791 5201 uariis
799 5148 954 5221 disciplinis
1335 5126 1347 5163 ¹
1365 5106 1414 5184 (ΙΙ
1422 5128 1433 5164 ¹
1441 5108 1463 5186 Ι·

183 5235 357 5309 artibusque,
381 5246 458 5293 recte
484 5252 515 5293 se
527 5231 652 5304 habent,
674 5230 750 5291 hanc
768 5233 951 5311 potissimum
1048 5235 1205 5294 Alexandri
1221 5237 1251 5293 in
1270 5236 1359 5296 Arist.
1376 5234 1507 5315 Topica,
1530 5235 1555 5309 l,
1576 5256 1623 5311 ιο,
1639 5238 1669 5309 6,
1685 5256 1715 5315 p.
1743 5235 1778 5292 52
