4017 5984
880 453 1046 518 hutoni.
1721 471 1761 530 tt

158 581 229 660 ε’·ρεςν
244 579 299 655 άμα
337 580 454 642 άπτοντα
479 581 524 642 καί
539 581 584 640 τδν
603 581 731 662 Ιίράτητα
754 583 844 642 εἰπεῖν·
863 582 936 658 Ἐγώ
960 589 965 708 Ι

159 668 301 743 μοιδοκῶ,
316 693 338 728 ω
360 669 490 752 Φιλίσκε,
502 669 609 750 γράφειν
632 672 667 736 εἰς
685 669 714 729 σί
736 675 934 750 προτρεπτικόν·
989 674 1155 754 φιλοσοφίαν,
1169 675 1316 744 ἀποδείξεσι
1329 677 1472 757 κέχρηται,
1484 679 1603 752 δηλονότι
1615 684 1761 764 φιλοσοφεῖ·

160 753 244 814 πλείω
260 755 310 834 γὰρ
328 759 381 836 ὁρῶ
400 780 440 818 σοι
461 758 614 838 ίνπάρχοντα
627 755 691 836 πρδς
713 757 743 817 τδ
760 762 933 841 φιλοσοφῆσαι
989 760 1077 840 μήτηρ
1090 759 1142 842 γάρ
1163 766 1215 822 τῶν
1237 763 1421 839 άποδείξεωνὴ
1437 767 1585 849 φιλοσοφία.
1604 767 1668 830 Elec
1689 771 1761 850 λέγει

156 833 196 902 ὧν
211 843 324 923 ίγραψιν
337 842 527 922 Ἀριστοτέλης.
989 839 1057 914 εἶναι
1079 851 1250 964 φιλοσοφίαν,
1271 855 1351 911 πάλιν
1373 855 1518 965 φιλοσοφεῖ·
1536 857 1683 928 ἀποδείξεσι
1709 860 1760 940 γάρ

487 999 516 1037 2·
543 977 611 1056 (65.)
989 935 1119 1014 κέχρηται
1130 939 1163 996 δι’
1177 963 1214 996 ων
1229 939 1357 998 δείκνυσιν
1369 965 1449 1000 ουσαν
1463 942 1544 1020 aderis
1561 950 1618 1006 κτλ.

1029 1026 1317 1101 Argumentationem
1337 1050 1395 1107 qua
1416 1051 1485 1091 usus
1505 1046 1568 1092 erat
1589 1037 1762 1096 Aristoteles

200 1109 279 1168 Alex.
295 1109 423 1187 Aphrod.
441 1110 472 1169 in
490 1109 582 1169 Arist.
596 1111 672 1188 Top.
694 1130 723 1188 p.
736 1109 774 1167 80
796 1109 840 1190 (p.
862 1113 932 1184 α66,
988 1113 1088 1171 retulit
1102 1113 1203 1174 Cicero
1224 1116 1256 1174 io
1277 1117 1433 1177 Hortensio
1450 1120 1504 1197 ide
1521 1141 1581 1198 quo
1601 1123 1678 1182 libro
1691 1126 1761 1200 quid

159 1197 196 1268 h,
213 1197 246 1253 15
265 1196 383 1276 litandi
400 1219 407 1254 :
427 1193 508 1258 Ἔστι
523 1196 550 1256 δέ
566 1199 606 1278 ίφ’
619 1187 656 1256 ὧν
671 1196 716 1256 καί
729 1196 816 1256 πάντα
831 1197 865 1256 τί
886 1222 933 1271 ση-

988 1198 1047 1258 sibi
1069 1202 1162 1282 velint
1190 1222 1255 1281 quae
1279 1205 1416 1281 leguntur
1437 1208 1515 1285 apud
1535 1209 1664 1273 Trebeli.
1693 1213 1761 1270 Pol·

156 1285 303 1360 μαινόμενα
316 1283 501 1360 λαμόοίνοντες
514 1286 584 1344 έστιν
601 1285 643 1344 ini
655 1285 760 1344 πάντων
775 1287 860 1344 αὐτῶν
873 1287 934 1344 ἄνα·
987 1285 1059 1346 lion.
1076 1289 1109 1346 in
1120 1288 1185 1347 Vita
1198 1291 1325 1350 Gallieni
1337 1293 1486 1366 Salonini,
1500 1317 1526 1353 c.
1539 1316 1577 1357 a:
1592 1301 1653 1356 Nec
1666 1303 1763 1374 ignatii

157 1371 294 1440 σκευάζειν
314 1372 345 1431 τὸ
359 1359 486 1448 κείμενονῖ
501 1363 555 1432 οἷον
571 1375 593 1432 εί
612 1372 683 1449 λέγοι
702 1395 741 1439 τις
765 1371 805 1431 ότι
819 1371 857 1449 μὴ
878 1373 931 1454 χρὴ
986 1395 1044 1431 esse
1062 1379 1183 1435 arbitror
1200 1400 1265 1454 φατε
1282 1384 1357 1437 dixit
1373 1384 1415 1439 M.
1441 1385 1547 1440 Tullius
1565 1392 1594 1441 io
1609 1391 1761 1460 Hortensio,

155 1461 316 1540 φιλοσοφεῖν,
329 1459 387 1521 ἐπεί
399 1463 547 1541 φιλοσοφεῖν
557 1461 663 1539 λέγεται
676 1460 721 1520 καί
732 1459 762 1520 τδ
772 1463 858 1531 ζητεῖν
870 1461 933 1520 αὐτὸ
986 1482 1067 1536 φιιεαε
1085 1468 1293 1543 αιέοαοαιρίιαιι
1310 1471 1472 1544 Protreptici
1482 1477 1604 1547 scripsit,
1618 1474 1670 1531 vix
1683 1473 1762 1551 diju-

156 1551 234 1607 τοῦτο
246 1546 298 1608 είτε
308 1547 360 1629 χρὴ
376 1551 525 1629 φιλοσοφεῖν
540 1549 592 1608 είτε
608 1547 653 1608 καΙ
668 1547 721 1625 μὴ,
736 1551 772 1615 ὡς
786 1538 857 1608 εἶπεν
874 1549 931 1607 αὖ·
986 1546 1079 1609 dicari
1102 1551 1188 1629 licet)
1204 1565 1275 1614 teste
1288 1553 1453 1627 Lactantio,
1464 1554 1561 1617 lnstit.
1586 1558 1681 1618 divio.
1701 1560 1759 1632 ΙΙΙ,

155 1633 210 1701 τὸς
225 1636 253 1714 (ὁ
267 1635 465 1715 Ἀριστοτέλης)
481 1640 507 1698 ἐν
523 1639 561 1716 τῷ
574 1639 784 1718 Προτρεπτικῷ,
801 1637 869 1696 ἀλλὰ
889 1637 933 1697 καί
993 1637 1053 1695 16:
1079 1641 1218 1696 Ciceronis
1240 1643 1411 1713 Hortensium,
1434 1657 1530 1700 contra
1551 1642 1762 1724 philmopdiam

155 1721 188 1780 τὸ
204 1726 251 1792 τὴν
271 1723 412 1804 φιλόσοφον
428 1723 536 1802 effipia»,
556 1723 687 1798 μετιέναι,
706 1725 828 1804 teinpus
848 1726 933 1786 αὐτῶν
987 1727 1140 1794 disserens,
1180 1734 1388 1787 circumuenitur
1424 1745 1527 1806 arguto
1568 1739 1762 1802 conclusione,

157 1809 285 1878 διίξανττς
305 1813 398 1870 οἰκεῖον
419 1813 458 1892 τῷ
479 1810 619 1900 ἀνθρώπῳ,
643 1813 806 1892 πανταχόθεν
821 1813 932 1890 dmpsi-
987 1815 1080 1887 quod,
1102 1834 1184 1888 φειιαιε
1208 1817 1310 1872 diceret
1328 1819 1582 1892 philosophandum
1610 1843 1665 1878 non
1684 1844 1761 1895 esse,

158 1921 239 1970 σομεν
254 1898 286 1956 τὸ
300 1898 444 1974 τιθέμενον.
458 1897 523 1960 Ἐπί
544 1897 592 1976 μέν
606 1889 650 1958 οὗν
669 1900 767 1960 τούτων
782 1901 933 1982 κατ’άμφνι
987 1898 1075 1954 hidilo
1095 1906 1184 1955 nriuus
1203 1901 1399 1978 phihuopduri
1423 1905 1601 1962 uidebatru:
1631 1917 1762 1982 quoniam

153 1986 490 2065 ίνδέχεταιδείκννσθαιτδ
502 1987 683 2066 προκείμενον,
699 1987 744 2048 int
756 1987 784 2048 di
798 1991 850 2048 τῶν
861 1989 934 2069 πριό-
984 1986 1146 2061 ΡΙΙΙΝΟΡΜ
1164 2001 1215 2055 eti,
1235 1992 1304 2064 quid
1315 1996 1344 2046 in
1364 1989 1618 2064 vilesmundum,
1638 1999 1689 2051 uel
1706 2016 1763 2063 reon

154 2097 205 2132 των
224 2073 448 2154 παραδειγμάτων
461 2076 509 2134 οὐκ
527 2076 571 2134 tut
587 2073 692 2134 πάντων
707 2073 766 2154 ἀλλ’
785 2077 803 2146 ἣ
819 2075 853 2133 δι’
869 2079 932 2135 ίκα-
978 2071 1148 2142 faciendum
1186 2083 1239 2145 ⁸¹²2
1274 2080 1426 2153 disputan·
1455 2078 1593 2155 Ejusdem
1628 2086 1762 2143 meminit

153 2162 230 2241 τέρον
246 2162 263 2233 ἢ
281 2161 313 2220 dx
327 2184 415 2222 τινων.
933 2215 947 2234 ,
987 2161 1186 2229 Quintilianus
1205 2163 1274 2222 lust.
1287 2165 1365 2225 Orat.
1379 2165 1416 2238 V,
1432 2187 1484 2245 ιο,
1501 2189 1538 2240 7⁰
1555 2175 1691 2228 :Interim
1705 2176 1761 2230 dno

194 2255 289 2308 Anon.
312 2249 406 2308 schol.
421 2248 481 2327 περὶ
496 2251 548 2307 τῶν
562 2249 638 2307 εἰδῶν
652 2249 760 2309 πάντων
775 2254 823 2308 τοῦ
837 2251 932 2310 συλλο·
986 2255 1028 2304 lia
1037 2266 1238 2326 preponantur,
1259 2267 1289 2310 ut
1309 2253 1469 2311 wumlibet
1481 2259 1597 2314 electum
1617 2263 1690 2316 idem
1710 2261 1763 2334 of-

154 2339 264 2412 γισμοῦ,
278 2335 369 2394 ecod.
386 2334 480 2396 Paris.
499 2337 575 2403 ποδί,
591 2335 669 2412 apud
685 2335 804 2397 linaium
820 2339 934 2398 :Toto'u‘·
978 2339 1080 2415 ficiat,
1093 2343 1176 2414 quale
1186 2354 1276 2396 ert:-
1297 2344 1551 2418 Philosophandum
1573 2359 1615 2404 cst
1636 2354 1721 2404 etium
1739 2355 1763 2404 si

990 573 1185 667 φιλοσοφητέον.
1211 589 1352 648 Ταντέστιν
1374 593 1415 650 ότι
1448 594 1470 650 τί
1494 592 1565 671 λέγει
1584 617 1623 664 τις
1645 594 1684 670 μὴ
1695 591 1761 660 εἶναι
1820 621 1828 639 ι

152 2443 197 2486 τος
220 2421 246 2480 δὲ
270 2422 522 2501 (παρασυνημμένος
539 2423 620 2502 scil.)
636 2423 681 2482 καί
702 2429 716 2483 ό
741 2423 934 2500 Ἀριστοτέ-

154 2509 227 2576 λους
243 2507 317 2588 λόγος
339 2509 367 2566 έν
390 2513 428 2589 τῷ
450 2511 654 2590 Προτρεπτικῷ·
673 2509 725 2570 sits
746 2512 933 2592 φιλοσοφητέον

151 2595 206 2654 εἴτε
221 2599 258 2670 μὴ
273 2595 469 2678 φιλοσοφητέον,
487 2596 685 2677 φιλοσοφητέον.
699 2598 779 2658 Ἀλλὰ
791 2597 844 2675 μὴν
859 2598 876 2672 ἢ
890 2621 933 2680 φι-

153 2686 311 2762 λοσοφητέον
336 2684 353 2756 ἢ
376 2687 404 2744 od
423 2689 621 2766 φιλοσοφητέον·
636 2687 741 2770 πάντως
759 2687 812 2769 ἄρα
827 2692 930 2770 φιλοσο-

157 2773 261 2850 φητέον.
272 2775 396 2841 Τοιοῦτος
411 2774 457 2834 καί
473 2773 640 2842 όΠλάτωνος
654 2777 682 2834 έν
695 2780 734 2856 τῷ
753 2777 927 2857 Πρωταγόρᾳ.

152 2863 200 2921 Cf.
224 2860 394 2941 Olympiod.
419 2863 450 2921 in
477 2863 549 2922 Piat.
564 2863 661 2925 Alcib.
682 2885 714 2942 p.
735 2865 789 2934 τόδ
810 2865 927 2939 Creuz„

152 2949 207 3028 qui
226 2951 372 3029 respicere
386 2951 703 3024 videturTheaetetum,
719 2973 749 3028 p.
767 2972 832 3025 τρο.

195 3037 362 3116 Olympiod.
379 3037 411 3096 in
424 3039 498 3099 Plat.
508 3038 603 3098 Alcih.
619 3039 836 3117 planciano.
852 3060 859 3095 τ
878 3037 933 3098 Καὶ

155 3123 402 3203 Ἀριστοτέλης
432 3125 481 3203 μέν
513 3129 541 3186 έν
567 3130 606 3208 τῷ
627 3127 816 3207 Προτρεπτικῷ
846 3128 933 3203 ἔλεγεν

156 3211 198 3270 ότι
216 3211 269 3272 εἴτε
285 3213 488 3294 φιλοσοφητέον,
512 3214 710 3296 φιλοσοφητέον·
731 3214 783 3274 εἴτε
802 3212 839 3290 μὴ
859 3215 932 3294 φιλο·

158 3301 299 3382 σοφητέον,
324 3302 527 3383 φιλοσοφητέον,
551 3303 656 3371 πάντως
679 3297 706 3360 δὲ
732 3301 929 3383 φιλοσοφητέον.

153 3387 233 3447 Elias
249 3388 365 3465 Proieg.
381 3388 495 3449 Philos.
518 3411 548 3469 p.
566 3411 595 3462 7,
613 3389 650 3462 A,
673 3391 708 3448 13
722 3389 859 3452 Brendis.
885 3390 930 3449 Gi.

154 3479 249 3538 Graio.
273 3477 401 3540 Anecdd.
422 3477 519 3538 Paris.
548 3490 567 3536 t.
586 3477 644 3554 w,
665 3498 695 3556 p.
718 3479 772 3555 39¹
796 3499 804 3536 τ
826 3479 866 3539 Ἦ
887 3479 932 3538 καί

152 3565 189 3629 ὡς
212 3561 291 3644 φησίν
309 3561 549 3644 Ἀριστοτέλης
569 3567 596 3624 ἓν
615 3568 653 3644 τῷ
669 3567 861 3646 Προτρεπτικῷ
879 3567 933 3624 dni·

150 3652 345 3731 γεγραμμένῳ,
364 3643 432 3732 ένῷ
460 3653 602 3732 προτρέπει
626 3652 685 3720 τοὺς
714 3652 786 3722 νέους
805 3653 868 3733 πρὸς
890 3677 932 3736 φι-

153 3739 289 3820 λοσοφίαν.
304 3740 380 3810 Φησὶ
400 3739 451 3818 γὰρ
462 3739 552 3806 τόποις·
568 3743 601 3801 Εἰ
616 3741 663 3818 μέν
678 3741 874 3824 φιλοσοφητέον,
891 3766 932 3824 φι-

153 3823 324 3902 λοσοφητέον,
339 3824 386 3883 καί
405 3827 428 3882 εἰ
449 3825 487 3901 μὴ
510 3825 713 3908 φιλοσοφητέον,
733 3826 930 3907 φιλοσοφητέον·

149 3915 256 3979 πάντως
287 3913 338 3993 άρα
364 3913 564 3994 φιλοσοφητέον.
594 3913 737 3974 Τουτέστιν
763 3917 785 3972 εί
813 3915 860 3991 μέν
881 3915 931 3996 γάρ

153 4001 224 4076 ἔστι,
249 4001 353 4068 πάντως
376 4001 513 4082 ὀφείλομεν
536 4003 682 4082 φιλοσοφεῖν
703 4001 782 4073 οὔσης
804 4004 892 4074 αὐτῆς·
909 4007 932 4062 εί

153 4087 180 4146 δὲ
196 4089 233 4164 μί’,
249 4087 319 4158 ίστι,
338 4087 383 4146 καὶ
398 4087 480 4156 οὕτως
497 4089 633 4170 ὀφείλομεν
647 4093 733 4162 ζητεῖν
749 4091 804 4155 πῶς
816 4090 862 4148 οὐκ
875 4089 931 4151 ἔστι

153 4175 303 4257 φιλοσοφία.
332 4179 477 4248 Ζητοῦντες
502 4177 529 4236 δέ
557 4180 763 4259 φιλοσοφοῦμεν,
788 4179 877 4250 luridi
901 4178 930 4236 τδ

148 4267 237 4336 ζητεῖν
260 4262 332 4322 uitia
356 4269 401 4337 τῆς
429 4265 585 4349 φιλοσοφίας
606 4267 685 4327 ἐστίν.
714 4267 809 4326 David
829 4266 929 4327 Prole·

155 4371 233 4426 gom.
250 4350 359 4411 Philus.
376 4373 405 4432 p.
427 4355 474 4425 13,
494 4361 529 4427 Α,
548 4377 564 4412 a
581 4355 691 4415 Brand.
712 4355 778 4416 coll.
797 4377 822 4415 c.
841 4355 925 4418 codd.

151 4439 262 4498 Pariss.
282 4459 372 4515 1900,
387 4443 476 4512 2723,
495 4443 572 4519 2089
589 4442 732 4502 allusio:
752 4441 805 4502 Kal
817 4445 831 4500 ό
845 4440 928 4518 Ἀρι-

152 4525 310 4598 στοτέλης
336 4527 363 4586 δέ
397 4527 423 4586 ίν
457 4551 507 4587 τινι
536 4531 723 4610 προτρεπτικῷ
756 4531 834 4590 αὐτοῦ
865 4553 927 4608 συγ·

149 4615 304 4694 γράμματι,
324 4617 350 4673 ίν
377 4605 398 4696 ᾧ
423 4617 602 4697 προτρέπεται
623 4618 682 4686 τοὺς
701 4617 772 4684 νέους
790 4617 832 4676 tot
853 4617 925 4698 φιλο·

152 4699 258 4780 σοφίαν,
279 4700 348 4778 λέγει
367 4699 407 4761 ότι
430 4703 482 4762 εἴτε
502 4704 539 4780 μὴ
561 4704 767 4786 φιλοσοφητέον,
785 4709 927 4786 φιλοσοφη-

150 4786 228 4862 τέον,
246 4787 308 4847 ἐἴτε
333 4787 534 4872 φιλοσοφητέον,
557 4792 760 4873 φιλοσοφητέον,
781 4793 885 4860 πάντως
899 4791 926 4852 dl

149 5005 293 5058 meditatum
314 5008 344 5058 ad
372 5010 587 5075 philosophandum
607 5027 670 5076 esse,
698 5027 770 5078 quam
792 5013 928 5063 Themisoni

148 5095 289 5146 Aristoteles
305 5096 418 5161 obtigisse
431 5099 561 5163 scriptioni.

527 5195 550 5238 2.

182 5271 323 5324 Aristoteles
336 5272 397 5326 dixit
418 5274 442 5326 iu
464 5276 639 5340 Protraptico:
664 5279 750 5328 Utrum
772 5277 928 5340 phitomphia

986 2446 1041 2482 noo
1071 2441 1113 2483 est
1140 2429 1395 2506 philosophandwn
1417 2458 1442 2492 ι.
1470 2431 1516 2492 Cf.
1541 2436 1682 2512 praeterea
1706 2439 1760 2494 ‚lr-

988 2514 1064 2572 rian.
1083 2515 1226 2594 Disputat.
1241 2516 1365 2595 Epictet.
1383 2517 1424 2590 tl,
1447 2519 1497 2579 αδ.

1232 2707 1297 2766 ΧΠ.
1321 2708 1515 2769 Erannos.

1027 2861 1119 2930 Quem
1134 2858 1245 2938 duplici
1256 2861 1342 2921 titulo
1353 2877 1517 2921 memorant
1527 2864 1676 2942 dialogum
1692 2868 1762 2926 Plu·

985 2947 1101 3006 turchos
1117 2947 1233 3006 Consol.
1252 2947 1289 3005 ad
1302 2948 1441 3026 apollon.
1455 2970 1482 3012 c.
1497 2972 1532 3023 ²7
1548 2964 1576 3009 et
1594 2952 1762 3032 Simplicius

987 3037 1019 3092 in
1037 3037 1156 3094 Aristot.
1175 3035 1212 3093 de
1230 3035 1337 3093 Anima
1351 3036 1403 3096 tot.
1425 3037 1463 3094 62
1485 3052 1581 3112 recto,
1605 3041 1728 3119 Εὔδημον
1743 3044 1761 3116 ἦ

988 3121 1047 3200 περὶ
1062 3125 1163 3204 dixit,
1179 3120 1268 3200 hujus
1280 3123 1398 3180 nonnisi
1412 3124 1472 3204 περὶ
1487 3127 1587 3204 Ψυχῆς
1602 3126 1628 3184 α’
1645 3131 1759 3190 titulum

988 3211 1020 3267 in
1044 3210 1192 3270 indicibus
1219 3223 1371 3289 apponunt
1401 3213 1486 3288 Diog.
1511 3211 1606 3274 Laert.
1637 3217 1709 3296 (ιδ)
1734 3233 1762 3278 et

988 3303 1160 3375 anonymus
1173 3297 1224 3374 (13
1234 3297 1261 3377 ),
1273 3299 1446 3358 ceteri-vero
1460 3301 1524 3358 sive
1534 3299 1693 3360 Eudemum
1711 3325 1762 3364 νο-

987 3400 1054 3444 τειειι
1076 3387 1139 3446 sive
1162 3385 1308 3462 dialogico
1330 3399 1440 3445 tantum
1465 3387 1558 3448 forma
1580 3411 1596 3448 a
1617 3388 1703 3450 libris
1728 3392 1764 3451 de

988 3474 1095 3533 Auitua
1120 3474 1315 3550 distinguunt.
1340 3477 1566 3536 De·occasione
1599 3498 1657 3556 qua
1687 3483 1762 3539 scri·

987 3575 1056 3640 ptus
1079 3574 1122 3620 est
1144 3561 1294 3637 dialogus,
1320 3561 1360 3620 ita
1386 3577 1484 3622 narrat
1511 3563 1684 3624 Plutarchus
1701 3570 1762 3626 vita

988 3650 1095 3708 Dionis
1109 3671 1135 3710 c.
1151 3671 1187 3707 aa
1206 3673 1212 3706 :
1232 3649 1415 3730 Συνέπραττον
1429 3648 1457 3708 δέ
1473 3649 1525 3730 (τῷ
1537 3649 1618 3709 Δίωνι
1632 3651 1760 3728 scilicet,

987 3757 1078 3813 quum
1088 3737 1176 3795 armis
1189 3735 1345 3813 Syracusas
1354 3737 1461 3795 teverti
1471 3750 1636 3809 conaretur,
1646 3737 1761 3817 Olymp.

991 3826 1058 3898 106,
1072 3827 1106 3900 i)
1119 3823 1164 3884 καί
1176 3827 1228 3882 τῶν
1236 3827 1376 3882 πολιτικῶν
1386 3823 1480 3882 πολλοί
1493 3823 1601 3882 καὶτῶν
1616 3825 1762 3907 φιλοσόφων

988 3912 1045 3971 ότι
1057 3911 1175 3992 Κόπριος
1188 3911 1325 3991 Εὔδημος,
1344 3914 1379 3978 είς
1393 3909 1422 3970 δν
1437 3912 1667 3991 Ἀριστοτέλης
1692 3916 1761 3972 αἰπο-

988 4000 1098 4059 θανόντα
1118 4001 1162 4059 τὸν
1176 3999 1237 4078 περί
1250 4003 1336 4080 ψυχῆς
1359 3998 1477 4076 διάλογον
1500 4000 1623 4070 ἐποίησε,
1646 4000 1691 4059 καί
1710 4004 1761 4063 Τι-

987 4090 1101 4166 μωνίδης
1115 4087 1288 4154 ὁλευκάδιος.
1300 4086 1467 4158 Συνέστησαν
1477 4087 1505 4146 dl
1516 4088 1561 4146 καΙ
1573 4088 1677 4148 Μιλταν
1690 4091 1762 4168 αὐτῷ

987 4177 1032 4235 τὸν
1047 4175 1185 4237 Θεσσαλὸν
1193 4220 1202 4246 ,
1214 4175 1295 4254 ἄνδρα
1309 4174 1402 4251 μάντιν
1414 4175 1460 4232 aul
1474 4177 1657 4254 μετεσχηκότα
1670 4183 1718 4250 τῆς
1733 4183 1759 4238 ἐν

988 4264 1151 4342 Ἀκαδημείφ
1179 4263 1323 4341 διατριόῆς.
1360 4263 1422 4340 (Cf.
1448 4263 1532 4322 Plato
1558 4267 1651 4343 Epist.
1677 4265 1759 4340 vill,

987 4354 1110 4412 Diodor.
1126 4351 1203 4412 Bibl.
1216 4349 1289 4424 xil,
1304 4353 1369 4426 36).
1381 4351 1535 4429 Dialogum
1549 4353 1656 4412 nonita
1668 4355 1760 4414 multo

985 4453 1051 4520 post
1064 4440 1176 4498 obitum
1187 4438 1308 4498 Eudemi
1318 4440 1513 4517 couscriptum
1525 4458 1588 4498 esse
1605 4441 1760 4500 verisimil-

984 4528 1086 4587 limum
1095 4541 1148 4586 est.
1163 4531 1238 4584 Num
1252 4528 1337 4584 etiam
1350 4541 1416 4603 post
1427 4526 1540 4586 obitum
1551 4527 1682 4588 Platonis
1695 4530 1757 4607 (Ol.

988 4619 1055 4690 108,
1075 4619 1106 4696 ι)
1122 4618 1219 4688 suerit,
1232 4617 1263 4674 id
1276 4636 1335 4673 nun
1353 4617 1445 4692 magis
1457 4617 1603 4675 affirmare
1622 4618 1757 4676 auderem

984 4726 1070 4785 quam
1085 4705 1164 4783 quod
1184 4703 1260 4763 idem
1276 4702 1382 4762 Rosius
1396 4705 1511 4776 statuit,
1532 4724 1695 4764 sermonem
1708 4704 1758 4762 ha·

985 4795 1078 4852 bitum
1094 4795 1170 4851 inter
1185 4792 1333 4851 Platonem
1356 4805 1385 4850 et
1397 4792 1557 4852 Eudemum
1571 4794 1670 4865 fuisse,
1683 4813 1756 4869 φινε-

984 5025 1081 5075 ορετεειι
1090 5024 1178 5062 πειτιο
1191 5011 1275 5062 demet
1285 5023 1368 5072 necne,
1383 5010 1449 5059 omni
1462 5008 1535 5059 modo
1545 5007 1701 5072 philosophia
1712 5021 1758 5070 ops

984 5097 1139 5162 quarendum
1149 5100 1197 5150 est.
