4017 5984
218 461 227 474 ·
257 449 296 507 to
508 439 511 447 ⁴
795 445 1043 508 ARISTOTELIS
1065 448 1314 511 FRAGMENTA.

275 588 312 649 bo
332 584 375 636 lie
385 582 555 636 Animalium
569 592 643 636 motu
658 599 806 655 corumque
818 587 972 652 anatomia,
990 585 1030 637 li—

374 669 417 724 bri
427 670 452 721 V
453 671 491 724 II
492 711 501 727 .

334 761 377 812 De
391 760 564 814 Am‘malium
577 769 694 824 natura,
713 758 776 811 libri
786 759 855 816 XV.

334 847 376 898 De
389 845 517 900 Partibus
538 846 688 914 vitalibus,
707 846 772 900 libri
785 847 837 900 IV.

336 933 380 988 Ile
396 934 581 988 Generatione
594 935 776 1000 animalium,
793 934 855 988 libri
867 933 904 991 V.

334 1021 376 1074 De
390 1023 563 1077 Animaiium
578 1033 653 1076 motu
669 1022 768 1089 locali,
784 1026 838 1076 sive
857 1024 978 1092 incessu,
995 1024 1029 1076 li-

366 1109 457 1166 herl.
562 1133 574 1177 r
628 1134 635 1156 s

274 1195 311 1263 15
334 1198 569 1272 Delongitucline
580 1209 607 1251 et
617 1199 749 1252 breuitate
762 1201 831 1251 uitur
844 1198 1025 1265 animalium,

375 1284 444 1338 liber
457 1288 484 1341 I.

333 1373 375 1425 De
384 1372 450 1425 Vita
461 1383 488 1426 et
497 1372 591 1426 Morte
598 1411 607 1438 ,
621 1372 690 1426 liber
700 1373 729 1425 I.

333 1461 377 1513 De
391 1459 518 1526 Picentis,
533 1459 598 1513 iibri
608 1461 652 1516 lt.

335 1547 606 1621 Metapbysicorum,
622 1547 687 1601 libri
693 1546 787 1601 XIII.

336 1636 379 1689 De
392 1635 519 1690 Materia
528 1639 709 1709 quaestiones,
727 1635 798 1689 liber
808 1637 836 1688 1.

274 1722 312 1778 50
334 1725 506 1793 Quasliones
513 1723 656 1797 pirrsicoe,
672 1722 737 1776 libri
748 1723 798 1776 IV
799 1765 806 1777 .

331 1813 496 1878 ilivisioaes,
512 1811 577 1865 libri
589 1810 708 1871 XXVI.
727 1807 937 1883 Argumentum
954 1809 1027 1869 libri

370 1897 412 1956 itu
420 1895 566 1956 indicatur
577 1917 584 1954 :
601 1899 715 1954 Iractat
729 1903 759 1952 ia
772 1898 823 1954 Isoe
834 1899 902 1954 libro
912 1902 949 1955 de
958 1913 1028 1956 tem·

366 1991 466 2062 poris,
486 1989 575 2042 animi
597 1998 680 2059 atque
700 1988 883 2060 cupiditatum
914 1990 1025 2044 diuisio-

370 2074 467 2144 nibus,
480 2075 517 2130 de
532 2085 650 2148 agente,
662 2077 794 2148 patiente
807 2085 835 2128 et
848 2079 974 2153 actione,
989 2079 1027 2131 de

370 2180 480 2228 amore,
496 2163 532 2216 sie
546 2162 609 2216 boni
622 2161 780 2236 generibus,
798 2165 828 2214 in
841 2163 938 2234 quibus
949 2165 1024 2232 aba,

370 2267 433 2322 quse
455 2248 597 2302 Intellecta
605 2253 816 2322 percipiuntur,
838 2250 900 2304 alia
913 2269 977 2324 quie
996 2256 1026 2306 in

370 2339 481 2405 animo,
499 2337 559 2389 alia
574 2355 637 2408 quce
648 2347 731 2390 extra
742 2340 868 2390 animum
881 2349 945 2391 sunt
958 2357 968 2390 .·
979 2339 1029 2392 de·

371 2427 450 2496 nique
458 2424 495 2477 sie
506 2423 629 2478 bonitate
641 2435 725 2496 atquc
735 2424 859 2487 malitia,
876 2441 982 2480 necnon
991 2427 1028 2480 de

370 2515 457 2565 variis
469 2513 622 2586 disciplinis
632 2511 802 2584 artibusque.

329 2599 458 2652 Platonis
466 2600 682 2670 jusjurandum,
700 2599 764 2653 libri
773 2600 818 2653 IV
830 2599 886 2672 (De
898 2599 1028 2654 Platonis·

370 2697 548 2755 testamento,
570 2689 635 2742 libri
652 2688 705 2744 VI.
723 2683 817 2761 (133).

332 2775 374 2828 De
387 2775 526 2830 Diuisione
540 2765 744 2840 conditionum,
766 2791 830 2847 qua’
851 2776 1026 2846 requiruntur

367 2863 404 2916 de
417 2863 543 2930 dicendo,
562 2863 627 2916 libri
638 2864 695 2917 III
706 2859 714 2934 (
724 2863 766 2915 De
774 2862 908 2916 divisione
920 2873 947 2914 et
960 2879 1024 2916 con·

367 2950 518 3005 ditionibus
529 2950 694 3015 indicendo,
710 2947 773 3002 libri
786 2950 851 3006 Ill.
864 2945 952 3020 (133).

329 3040 371 3093 De
389 3038 619 3105 contradictione,
638 3037 684 3092 ubi
699 3038 813 3092 docetur
830 3039 1025 3092 antecedentia

371 3128 597 3180 contradictionis
616 3143 653 3178 eu
673 3129 735 3198 ursa
756 3125 947 3199 disputatione
965 3142 1026 3178 esso

367 3214 501 3286 petenda,
511 3211 675 3267 libriXXX
672 3211 724 3265 IX
732 3211 786 3284 (De
794 3211 1022 3277 contradictoriis,

368 3301 414 3356 ubi
419 3301 499 3356 docet
508 3299 704 3355 contradictori
711 3301 905 3354 antecedentia
914 3317 952 3353 ee
966 3303 1026 3374 ipso

367 3389 518 3443 aduersarii
526 3399 689 3462 argumento
704 3405 763 3442 esse
769 3389 913 3462 petendo,
928 3391 1024 3442 sivein

368 3481 456 3550 ipsum
470 3475 671 3549 retorquenda,
692 3475 754 3529 libri
762 3475 913 3532 XXXIX.
928 3471 1023 3549 Cas.).

272 3564 308 3621 55
333 3565 449 3636 Objecta
471 3567 611 3619 amatoria
631 3568 688 3618 siue
703 3565 740 3618 de
761 3563 842 3618 rebus
861 3567 1020 3629 amatoriis,

369 3652 437 3707 liber
454 3654 480 3707 i.

330 3741 446 3812 Objcctu
464 3740 582 3814 physica
592 3779 602 3806 ,
625 3757 689 3813 quse
707 3739 835 3793 dicuntur
855 3740 938 3802 sessu
953 3757 1022 3811 μου·

367 3823 451 3897 σικαί,
467 3830 537 3883 liber
550 3831 567 3884 I
581 3825 774 3902 (Argumenta
781 3826 902 3900 physica
912 3827 948 3880 de
960 3843 1021 3880 mu·

365 3919 425 3970 sica
439 3915 530 3971 tiscses
539 3916 632 3981 dicta,
648 3915 755 3972 iiberl.
770 3910 862 3988 (133).

327 4001 371 4054 Ile
384 4001 469 4067 Locis,
492 4003 566 4055 unde
577 4012 744 4076 argumenta
750 3993 878 4076 petentia
890 4010 963 4068 sunt,
987 4002 1022 4052 li-

368 4088 417 4143 bcr
429 4089 458 4148 1.

327 4176 521 4250 Definitiones,
539 4177 602 4231 libri
614 4177 675 4230 XV
673 4178 701 4237 I.

328 4267 370 4320 De
393 4265 484 4320 Iiebus
497 4266 538 4319 ori
548 4265 739 4340 definitionem
748 4265 967 4342 pertinentibus,
986 4265 1021 4318 li·

368 4353 411 4407 bri
420 4355 470 4408 IV
488 4351 546 4430 (De
564 4355 645 4409 rebus
661 4354 860 4422 divisibilibns‚
881 4355 946 4409 iibri
964 4355 1011 4408 IV
1012 4396 1021 4411 .

268 4526 306 4583 bo
328 4529 510 4604 Definitiones
527 4534 644 4604 topica,
667 4532 735 4586 liber
748 4534 770 4586 I
783 4529 963 4604 (Topicorum
982 4529 1024 4582 nel

366 4617 553 4692 definitiones,
576 4619 645 4673 liber
657 4621 686 4676 I.
702 4616 798 4692 (133).

329 4703 482 4779 Descriptio
495 4705 688 4779 definitionum
702 4711 861 4781 topicorum,
883 4703 947 4759 libri
954 4706 1018 4758 III.

327 4791 524 4866 Definitionum
546 4795 711 4869 descriptio,
733 4795 795 4849 libri
819 4795 855 4848 II
885 4790 938 4868 (Dc
961 4788 1021 4861 dis·

360 4874 492 4949 ferentiIs
503 4885 614 4955 topicis,
630 4882 692 4936 libri
708 4884 757 4940 11.
771 4876 867 4950 033).

330 4963 537 5040 (Terminorum
551 4969 714 5043 descriptio,
738 4971 803 5024 libri
814 4971 862 5024 II.
875 4963 941 5023 (133.
950 4965 969 5040 ).

329 5053 508 5126 Quoestiones,
526 5057 591 5111 libri
601 5055 765 5133 XXVIII(
787 5052 808 5132 ).

1104 584 1142 642 65
1163 587 1370 661 Prolegomena
1382 591 1412 640 in
1429 588 1623 661 problemata,
1637 589 1700 642 libri
1711 591 1752 645 II
1762 586 1859 667 (deest

1204 692 1253 751 ap.
1267 671 1388 752 Cain).

1164 765 1337 835 Quoestioaes
1369 763 1552 835 orbIculares,
1587 769 1617 819 irs
1649 781 1857 842 proeoeptorum

1201 871 1291 912 usum.

1162 942 1325 1015 Praecpta,
1341 942 1405 996 libri
1418 942 1463 998 IV
1477 939 1534 1020 (De
1555 951 1713 1000 testamenti
1730 953 1855 1024 periglo·

1203 1041 1281 1082 mota
1297 1025 1383 1103 (sic).
1400 1024 1496 1104 Cas.].

1163 1113 1346 1183 Memoriale,
1368 1117 1430 1171 libri
1442 1119 1473 1175 Ι.

1163 1205 1337 1274 Quoestiones
1348 1206 1477 1271 medica,
1496 1206 1560 1260 libri
1576 1209 1611 1265 V.

1104 1311 1142 1364 7⁰
1163 1293 1207 1346 De
1217 1295 1417 1348 Alimentoruns
1431 1298 1573 1368 regimine,
1590 1294 1695 1354 liberi.

1163 1381 1207 1435 De
1221 1381 1414 1456 Agricultura,
1432 1380 1495 1435 li‘bri
1505 1384 1577 1440 XV.

1166 1469 1210 1524 De
1224 1471 1406 1536 Rumoribus,
1424 1471 1495 1525 liber
1510 1474 1538 1529 t.

1163 1559 1207 1612 De
1220 1557 1362 1625 Siccitate,
1384 1559 1454 1614 liber
1465 1562 1495 1617 I.

1161 1646 1205 1700 De
1217 1647 1415 1701 decidentibus
1426 1648 1634 1715 uniuersalibus,
1649 1649 1720 1704 lIbcr
1728 1654 1756 1708 I.

1104 1731 1141 1804 75
1162 1734 1206 1788 De
1220 1735 1368 1803 Meteoris,
1385 1734 1454 1789 iibri
1467 1738 1530 1790 III.

1165 1821 1210 1880 De
1225 1823 1409 1879 Generotioae
1417 1825 1597 1891 animalium,
1614 1825 1679 1879 libri
1688 1829 1753 1886 111.

1160 1911 1203 1964 De
1212 1911 1364 1966 Verborum
1372 1912 1583 1987 significatione,
1598 1912 1662 1968 libri
1670 1915 1710 1969 II
1717 1913 1771 1988 (De
1783 1917 1855 1972 Pro-

1194 2003 1364 2072 positionum
1373 2019 1467 2068 sensu,
1482 2001 1544 2054 libri
1557 2003 1602 2055 II.
1611 1995 1677 2059 (133.
1687 1998 1708 2078 i.

1160 2087 1203 2140 De
1214 2088 1464 2160 Propositionibus,
1477 2089 1542 2142 libri
1551 2090 1702 2145 XXXIII
1714 2088 1769 2168 (De
1783 2093 1854 2148 Tire·

1198 2175 1287 2241 sibus,
1311 2175 1376 2230 libri
1393 2177 1528 2243 XXIII,
1554 2178 1708 2244 itemiiber
1723 2180 1797 2234 alter
1817 2183 1855 2235 de

1198 2263 1295 2316 codem
1309 2275 1485 2337 argumento.
1511 2261 1607 2338 (133).

1166 2349 1209 2402 De
1224 2352 1362 2405 ciuitatum
1383 2355 1533 2426 regimine,
1555 2351 1627 2408 liber
1645 2355 1674 2421 I,
1694 2359 1724 2408 in
1746 2359 1855 2428 quode

1200 2439 1382 2512 complurium
1409 2441 1574 2520 populorum
1599 2453 1684 2516 atque
1712 2447 1852 2498 civitatum

1199 2531 1336 2600 regimine
1379 2540 1524 2596 tractatur,
1566 2549 1683 2603 quarum
1723 2549 1853 2588 numerus

1203 2612 1342 2673 CLXXI.

1102 2699 1140 2756 80
1162 2703 1381 2771 Commentarii,
1408 2709 1457 2778 qui
1469 2703 1652 2761 inscribuntur
1660 2705 1851 2784 ὑπομνήματα,

1199 2792 1263 2846 libri
1274 2793 1308 2846 X
1309 2793 1364 2852 VI.

1157 2879 1200 2933 De
1216 2878 1493 2951 Contradictionibus,
1510 2881 1609 2936 liberl
1624 2879 1678 2959 (De
1690 2888 1847 2949 controriis,

1196 2967 1230 3022 iii
1237 2979 1288 3034 est,
1304 2973 1427 3024 rationes
1438 2967 1682 3044 qricliirematicse.
1699 2967 1765 3030 (133.
1776 2969 1796 3048 ).

1157 3054 1312 3128 Epitaphia
1332 3055 1446 3111 heroum
1466 3075 1531 3128 quoe
1553 3057 1637 3132 Pepli
1656 3064 1767 3113 nomine
1786 3077 1853 3114 cen-

1195 3153 1296 3204 sentur.
1317 3144 1382 3197 iibri
1398 3145 1452 3200 VI.

1159 3231 1202 3283 De
1219 3231 1372 3302 Tempore.
1390 3231 1460 3284 liber
1472 3233 1501 3290 l.

1160 3317 1314 3371 Aristotelis
1337 3318 1487 3390 Epistola,
1515 3337 1584 3390 quas
1610 3323 1641 3373 in
1662 3321 1744 3376 VIII
1768 3321 1850 3376 libros

1196 3406 1311 3458 contulit
1321 3408 1431 3461 Areias.

1099 3490 1136 3547 85
1157 3493 1201 3546 De
1217 3492 1333 3549 Urbium
1347 3493 1481 3558 moribus,
1498 3493 1562 3548 libri
1575 3495 1622 3553 II.

1157 3581 1293 3651 Epistola
1313 3581 1392 3647 aliie,
1409 3598 1479 3654 quos
1499 3581 1564 3634 XX
1579 3581 1655 3634 libris
1676 3583 1852 3638 Andronicus

1200 3673 1323 3736 inuenit,
1336 3679 1442 3742 praeter
1461 3668 1538 3737 illas,
1548 3686 1613 3741 quie
1622 3673 1651 3722 ia
1666 3668 1737 3723 libro
1752 3671 1777 3720 V
1791 3677 1852 3726 An-

1196 3759 1303 3812 dronici
1314 3759 1350 3812 de
1362 3757 1520 3812 Aristotelis
1535 3761 1645 3831 scrIptis
1664 3772 1853 3815 memorantur

1197 3843 1285 3919 (Aba
1293 3845 1438 3920 Epistola,
1456 3845 1519 3900 libri
1529 3846 1593 3900 XX
1599 3852 1734 3903 recensuit
1744 3849 1852 3902 Andro·

1194 3936 1281 4000 nicus,
1290 3943 1397 4006 prater
1407 3933 1486 4002 illas,
1495 3953 1559 4006 qua
1571 3937 1600 3988 in
1617 3931 1687 3990 utro
1700 3935 1729 3986 V
1735 3937 1845 3990 ,indro-

1194 4025 1252 4074 nici
1264 4031 1462 4077 memorantur.
1475 4018 1550 4098 (Cas.
1563 4019 1685 4078 addens:
1696 4023 1744 4076 ubi
1752 4036 1780 4078 et
1788 4028 1852 4078 Ari-

1193 4109 1299 4164 stotelis
1316 4105 1444 4164 librorum
1462 4112 1549 4165 index
1574 4109 1711 4182 occurrit).

1157 4197 1377 4268 Quoestionesrie
1394 4199 1512 4252 Homeri
1525 4199 1649 4252 uersibus
1668 4202 1794 4252 maxime
1804 4217 1851 4252 rc·

1195 4283 1324 4349 conditis,
1345 4283 1409 4337 libri
1421 4285 1463 4341 X.

1154 4371 1198 4425 De
1219 4374 1341 4426 uniuerso
1357 4371 1513 4426 Medicina
1532 4390 1625 4438 sensu,
1654 4371 1724 4427 liber
1747 4373 1769 4425 I
1787 4370 1851 4442 (iic

1194 4463 1321 4513 universa
1344 4457 1505 4526 Medicina,
1532 4461 1601 4515 liber
1626 4463 1652 4523 I,
1677 4463 1784 4515 Iatricc
1804 4463 1849 4513 in·

1192 4551 1326 4620 scriptus,
1339 4542 1432 4621 (133).

1116 4699 1241 4760 Eandem
1250 4701 1326 4759 hunc
1335 4699 1513 4759 inconditam
1524 4720 1594 4760 sane
1601 4700 1751 4759 titulorum
1758 4699 1848 4758 sarra·

1074 4789 1189 4864 ginem,
1205 4788 1236 4846 in
1261 4808 1351 4868 opere
1365 4789 1443 4866 opud
1457 4788 1525 4847 iilos
1539 4788 1590 4864 qui
1605 4789 1637 4846 in
1652 4787 1732 4846 hisce
1743 4786 1848 4845 studiis

1075 4890 1228 4936 versantur
1242 4874 1847 4952 celebratissimo,l.exiconbibliogroplsi·
1878 4858 1888 4890 ‘

1075 4984 1139 5022 cum
1160 4965 1314 5042 inscripto,
1332 4965 1450 5043 repetiit
1473 4963 1599 5024 fladechi
1627 4961 1849 5036 0111111601-

1074 5053 1360 5130 stantinopolitnnus,
1373 5053 1424 5130 qui
1440 5072 1466 5110 3.
1484 5053 1559 5111 1658
1571 5074 1601 5132 p.
1614 5051 1684 5112 Chr.
1699 5073 1729 5110 n.
1743 5070 1847 5128 supre—

275 5281 305 5336 (1)
318 5281 345 5326 in
357 5282 808 5330 311010113311311133131311111311111111
820 5285 971 5330 numeruntur
979 5281 1033 5327 iibri
1043 5283 1099 5328 teste
1108 5277 1243 5328 wenricirio
1252 5282 1271 5327 1.
1282 5283 1299 5328 1.
1308 5289 1332 5333 1).
1345 5289 1390 5330 tus.
