4017 5984
855 479 1032 562 nutant.
1700 490 1739 549 to

176 613 268 672 Aliter
281 631 350 671 uero
364 612 400 671 de
412 612 517 671 ultimo
530 611 582 689 qui
596 624 683 669 restat
697 611 762 670 loco
775 623 904 670 statuen-

133 705 203 763 dum
224 721 287 762 esse
301 722 386 762 nemo
411 701 495 761 iacile
516 719 621 776 negare
646 699 773 778 poterit,
798 699 856 758 nisi
878 701 904 758 si

133 795 199 870 quis
216 791 373 850 verborum
395 790 560 850 Aristotelis
583 808 699 848 sensum
725 789 761 848 ad
788 789 905 868 opinio·

137 901 202 939 narn
213 880 386 958 detorquere
400 898 550 956 aggressus
566 879 630 938 erit.
642 878 738 948 Quum
748 878 827 936 enim
841 877 906 956 phi-

134 969 273 1048 losophus
290 969 331 1026 ita
347 967 467 1028 dixisset
487 967 519 1025 in
537 965 667 1044 Poetica,
683 987 708 1028 c.
736 967 783 1039 15,
807 970 824 1044 §
844 968 879 1026 15
897 989 904 1028 ι

134 1057 228 1116 Τοῦτο
249 1056 276 1115 tt
302 1056 341 1113 δεῖ
363 1056 503 1134 διατηρεῖν,
522 1051 649 1129 καὶπρὸς
672 1051 771 1119 τούτοις
785 1055 818 1112 τὰ
834 1055 908 1135 παρὰ

961 627 991 670 et
1004 617 1138 686 liberalis,
1156 628 1185 672 ct
1203 637 1267 691 quoe
1283 635 1378 674 omnes
1393 624 1484 692 magis
1501 639 1586 694 quarn
1599 639 1679 695 sepse
1694 623 1737 675 di·

963 706 1036 776 tigit,
1047 705 1117 758 aliis
1134 717 1203 760 nato
1215 711 1309 780 potius
1322 726 1407 782 qaam
1420 708 1486 776 sibi,
1498 713 1622 764 excitare
1634 714 1739 778 jacen·

963 802 1061 847 temet
1077 796 1109 846 r'n
1133 793 1184 848 illo
1192 795 1283 849 divino
1297 796 1367 850 solio
1378 814 1434 850 non
1457 797 1540 870 longe
1560 815 1579 850 a
1598 802 1738 870 sapientia

961 883 1107 936 colhcare.
1119 882 1181 937 Nec
1193 901 1262 938 vero
1276 885 1332 938 illis
1352 895 1402 938 aut
1413 886 1545 940 vohtntas
1553 884 1646 946 deficit
1659 882 1739 961 (quoe

962 974 1038 1024 enirn
1052 971 1238 1026 inscribendi
1251 973 1314 1026 alia
1328 990 1426 1038 causa,
1454 947 1505 1027 aui
1530 975 1608 1047 quod
1627 979 1738 1029 ornnino

962 1059 1109 1114 consilium
1126 1055 1243 1132 fuiti),
1268 1071 1318 1114 aut
1348 1064 1507 1134 ingenium,
1538 1079 1592 1135 quo
1612 1062 1739 1118 arnoldus

133 1140 220 1210 τὰςέξ
237 1141 353 1220 ἀνάγκης
366 1138 555 1206 ἀκολουθούσαις
574 1139 707 1212 αἰσθήσεις
720 1144 753 1218 τῇ
767 1147 906 1222 ποιητικῇ,
959 1149 1168 1218 praestiterunt,
1208 1163 1273 1201 cum
1311 1157 1340 1202 et
1373 1145 1431 1202 alia
1462 1146 1560 1203 omnia
1593 1146 1739 1216 indicant,

133 1230 180 1289 καὶ
205 1227 255 1309 γὰρ
281 1231 341 1288 κατ’
367 1226 447 1295 adad(
473 1226 542 1286 lustr
573 1225 731 1307 ἁμαρτάνειν
761 1228 905 1295 πολλάκις·

134 1318 241 1377 deinde
264 1336 334 1375 vero
346 1316 527 1376 addidisset:
545 1313 649 1395 εἴρηται
664 1313 690 1373 δὲ
704 1314 765 1393 ntpl
782 1317 868 1375 αὐτῶν
883 1317 909 1375 lr

133 1413 187 1473 τοῖς
198 1404 372 1483 ἐκδοδομὲνοις
386 1407 471 1482 λόγοις
483 1405 592 1476 ἱκανῶς,
617 1421 676 1460 non
694 1404 793 1462 minus
806 1407 862 1463 lroc
875 1406 908 1462 fir

134 1495 319 1572 perspicuum
338 1495 374 1551 de
388 1493 447 1552 alio
464 1492 590 1570 quodam
602 1489 691 1562 libro,
711 1510 764 1549 nac
777 1511 860 1566 vero,
876 1505 909 1552 ut

134 1582 230 1639 locum
246 1581 352 1640 Rosius
365 1581 572 1658 interpretatas
587 1589 640 1650 est,
657 1577 695 1636 de
714 1577 754 1636 iis
769 1596 834 1655 quae
857 1596 906 1639 su·

135 1669 301 1747 petionibus
310 1667 443 1748 partibus
452 1665 581 1744 ejusdcm
596 1665 667 1724 libri
679 1665 757 1724 dicta
767 1679 858 1737 aaut,
867 1667 909 1724 lo-

135 1769 233 1814 cutum
253 1774 317 1814 esse
336 1769 465 1833 prretam,
481 1773 568 1832 quatu
590 1750 676 1825 illud,
699 1751 779 1810 huno
799 1752 908 1812 librum

135 1844 184 1900 vin
199 1843 289 1902 alium
299 1862 362 1903 esse
375 1861 464 1922 posse
484 1859 571 1918 quam
586 1838 734 1914 dialogum
748 1838 785 1896 de
798 1837 907 1911 Poetis,

135 1932 189 2002 ita,
212 1945 243 1991 ut
263 1931 322 1990 nisi
348 1942 449 2009 postea
470 1926 587 1986 additus
612 1945 674 1986 esse
695 1925 909 1986 demonstretur

133 2019 229 2092 locus,
243 2033 374 2078 tenemus
389 2016 450 2094 jam
466 2014 676 2086 testimonium,
698 2035 758 2092 quo
779 2027 839 2074 tota
858 2016 911 2074 illa

135 2128 199 2184 qnae
216 2107 252 2166 de
265 2105 433 2184 Aristotelis
452 2105 588 2196 dialpgis,
612 2104 696 2180 quasi
712 2104 910 2182 supposititiis

134 2209 162 2254 et
187 2193 363 2273 philosopho
378 2193 519 2268 indignis,
536 2209 630 2269 nuper
643 2192 775 2268 exposita
790 2205 833 2250 est
848 2211 910 2251 sen·

137 2285 227 2342 tentia
247 2281 390 2340 concidet.

176 2375 232 2434 Sed
242 2374 330 2432 missa
338 2370 399 2448 jam
411 2382 470 2427 tota
483 2368 537 2426 hac
551 2365 759 2444 disputatione,
771 2383 829 2441 qua
843 2363 910 2441 qui·

137 2465 201 2522 dem
212 2482 257 2520 rcs
268 2459 435 2518 adumbrari
447 2457 547 2532 potius
562 2474 648 2532 quam
664 2453 777 2512 absolvi
794 2452 910 2530 potuit,

137 2548 172 2606 ad
180 2548 309 2624 singulos
322 2546 453 2622 dialogos
463 2562 626 2624 pergarnus.
640 2541 673 2600 ln
682 2543 910 2603 recensendisiis

136 2665 153 2701 e
172 2643 280 2721 quibus
299 2643 456 2719 fragmenta
475 2651 588 2699 seruata
604 2651 682 2710 sunt,
702 2639 793 2697 secuti
809 2657 909 2698 sumus

137 2733 269 2791 ordinem
292 2751 352 2809 quo
374 2729 451 2808 apud
472 2729 630 2804 Diogenem
649 2725 811 2784 enumerati
830 2738 907 2796 sunt,

138 2821 196 2880 nisi
210 2819 287 2899 quod
312 2819 348 2877 ad
371 2816 491 2876 ultimos
507 2817 609 2874 attinet
629 2814 741 2884 titulos,
761 2832 835 2890 quos
849 2832 908 2870 me·

139 2909 215 2967 liora
225 2908 329 2968 ordine
340 2923 470 2966 servasse
479 2903 595 2963 videtur
604 2905 787 2980 Anonymus.

331 3077 423 3136 ΠΕΡΙ
443 3074 715 3165 ΔΙΚᾼΙΟΣΥΝΗΣ.

180 3250 226 3310 Aa
250 3247 348 3308 nullos
373 3247 447 3306 alios
473 3243 567 3304 libros
588 3260 674 3321 quarn
700 3241 737 3300 ad
763 3241 911 3318 dialogum

139 3337 201 3416 περὶ
207 3335 394 3409 Δικαιοσύνης,
411 3335 638 3411 quamprimum
653 3343 774 3408 uterque
786 3345 914 3390 recenset

963 1241 1037 1300 tum,
1052 1229 1106 1307 qui
1120 1230 1243 1305 integris
1256 1229 1408 1288 Ciceronis
1421 1231 1459 1289 de
1472 1230 1634 1310 Republica
1653 1231 1739 1291 libris

964 1335 1034 1374 usus
1044 1329 1099 1390 est,
1112 1316 1291 1389 besantius,
1304 1317 1382 1396 apud
1396 1336 1482 1397 quem
1502 1320 1609 1396 sapius
1626 1321 1738 1379 Aristo·

964 1403 1030 1462 telis
1043 1423 1119 1483 opus
1135 1404 1304 1484 respicitur,
1324 1406 1392 1465 licet
1417 1408 1476 1484 ipsi
1493 1405 1643 1465 Lactantio
1658 1426 1675 1465 e
1690 1407 1738 1466 ci·

963 1509 1069 1550 oerone
1087 1505 1197 1551 tantum
1210 1494 1380 1554 innotuerit.
1400 1491 1444 1555 lta
1460 1495 1538 1552 enim
1553 1493 1610 1562 ille,
1629 1493 1737 1555 lnstitt.

962 1575 997 1648 V,
1014 1599 1068 1652 172
1084 1583 1160 1637 Nam
1181 1583 1265 1637 Plato
1276 1593 1305 1636 et
1323 1584 1486 1636 Aristoteles
1498 1581 1614 1637 honesta
1631 1583 1740 1656 quidem

963 1668 1108 1722 voluntate
1124 1672 1265 1739 justitiam
1282 1665 1433 1738 defendere
1451 1675 1607 1742 cupierunt,
1627 1667 1737 1740 effecis-

963 1767 1078 1828 sentque
1094 1757 1220 1828 aliquid,
1234 1760 1260 1809 si
1276 1766 1391 1810 conatus
1407 1773 1502 1811 eorum
1523 1758 1606 1812 honos
1614 1798 1623 1827 ,
1641 1762 1667 1812 si
1681 1759 1741 1813 elo·

963 1844 1116 1914 quentiam,
1134 1847 1160 1897 si
1179 1847 1309 1897 uirmtem
1330 1847 1421 1896 animi
1442 1855 1470 1898 et
1489 1848 1606 1917 ingenii,
1629 1846 1741 1899 divina·

964 1947 1025 1983 rum
1038 1947 1145 2003 quoque
1156 1947 1247 1984 renim
1260 1930 1526 2000 doctrinajurisset,·
1541 1928 1616 1989 ibid.
1632 1951 1658 1987 c.
1678 1937 1711 1996 ιΙς
1730 1951 1738 1986 :

966 2017 1128 2073 Carneades
1139 2029 1250 2086 autern,
1268 2028 1299 2071 ut
1311 2020 1483 2072 Aristotelem
1496 2015 1640 2089 refelleret
1658 2030 1744 2092 atque

965 2105 1122 2174 Platonem,
1137 2110 1259 2175 Jusrttr‘oe
1272 2117 1417 2178 paaonos,
1430 2110 1527 2179 prima
1541 2108 1593 2160 illa
1613 2109 1744 2181 disputa-

965 2196 1039 2246 tione
1047 2194 1162 2265 collegit
1171 2211 1207 2247 ea
1219 2196 1326 2260 omnia,
1343 2211 1408 2266 quoe
1417 2197 1585 2266 pmjustitia
1598 2191 1739 2249 diceban-

948 2292 1018 2349 tur,
1044 2293 1074 2334 ut
1091 2292 1186 2354 posset
1202 2281 1266 2348 illa,
1291 2276 1452 2349 sicutfccit,
1469 2293 1604 2348 evertere5
1626 2277 1734 2338 lnstitt.

965 2365 1043 2446 Epis.
1068 2369 1106 2424 ad
1125 2366 1245 2426 Pentad.
1260 2387 1287 2424 c.
1304 2365 1342 2423 55
1362 2369 1509 2423 :Plurimi
1527 2370 1636 2443 quidem
1648 2370 1745 2441 plilo·

966 2458 1126 2532 sopltorum,
1141 2457 1199 2512 'sed
1221 2461 1344 2511 manime
1361 2457 1448 2512 Plato
1463 2467 1493 2512 et
1512 2460 1680 2526 Aristoteles,
1707 2461 1744 2514 dc

964 2549 1073 2618 justitia
1094 2547 1182 2600 multa
1202 2546 1342 2612 dicerunt,
1362 2558 1515 2600 asserentes
1534 2559 1563 2601 et
1580 2549 1744 2603 extollentes

966 2652 1030 2689 earn
1049 2651 1161 2687 summa
1185 2633 1269 2688 laude
1287 2637 1429 2700 sinuum,
1457 2635 1533 2707 quod
1551 2653 1630 2688 suum
1648 2641 1746 2710 cuique

965 2721 1085 2790 imbuat,
1108 2722 1183 2795 quod
1203 2725 1365 2794 aequitatem
1394 2726 1424 2775 in
1444 2722 1572 2776 omnibus
1596 2735 1698 2790 seruet,
1714 2737 1742 2778 et

965 2827 1048 2882 quum
1071 2820 1173 2862 ceterae
1189 2811 1308 2861 virtum
1322 2812 1404 2880 quasi
1422 2812 1519 2861 tacitoe
1537 2815 1607 2880 rint,
1624 2821 1652 2864 et
1672 2816 1745 2865 intas

966 2897 1088 2962 inclusae,
1103 2897 1193 2950 solam
1207 2911 1267 2948 esse
1280 2899 1435 2965 justitiam,
1446 2913 1510 2968 quoe
1519 2913 1570 2949 nee
1579 2897 1745 2951 sibilantem

966 2982 1114 3037 conciliata
1130 2985 1187 3049 sit,
1209 2998 1261 3035 nec
1276 2981 1401 3047 occulta,
1419 2982 1470 3035 secl
1477 2977 1559 3049 saras
1572 2993 1629 3036 tota
1642 2987 1747 3055 prorni-

967 3082 1051 3143 neat,
1065 3081 1094 3124 et
1106 3069 1148 3124 ad
1165 3069 1234 3122 bene
1245 3065 1416 3138 faciendum
1426 3087 1518 3142 prona
1535 3073 1584 3138 sit,
1600 3081 1632 3124 ut
1646 3088 1746 3145 quarn·

966 3161 1097 3234 plurrimr's
1106 3161 1194 3232 prosit
1200 3177 1211 3225 ,·
1224 3168 1255 3213 et
1267 3155 1356 3234 paulo
1370 3168 1436 3233 post
1448 3175 1455 3211 ε
1468 3159 1528 3213 Nec
1537 3163 1674 3214 memerito
1693 3176 1745 3213 ea·

967 3252 1036 3302 stitit
1049 3248 1222 3315 Carneades,
1232 3245 1428 3302 lromosummo
1437 3249 1547 3321 ingenio
1561 3257 1591 3300 et
1602 3251 1742 3317 acumine,

968 3341 1017 3410 qui
1025 3333 1166 3407 refelleret
1180 3339 1294 3388 istorum
1307 3339 1463 3388 orationem
1478 3345 1507 3388 et
1514 3338 1666 3405 justitiam,
1683 3353 1747 3408 ‹pua›

139 3426 229 3484 index
243 3423 289 3504 (ile
303 3428 427 3496 lustitia,
440 3422 460 3484 l.
478 3420 525 3493 IV,
544 3419 722 3490 Dschemal„
747 3415 796 3495 l),
811 3417 914 3476 referri
950 3421 1181 3496 fundamentum
1194 3421 1296 3477 stabile
1304 3439 1361 3475 non
1371 3421 1505 3490 habebat,
1520 3433 1671 3478 everteret:
1690 3440 1745 3477 non

139 3531 236 3592 posse,
254 3531 319 3588 qua
335 3523 402 3590 post
419 3509 489 3568 satis
509 3526 642 3584 magnam
663 3507 796 3565 lacunam
810 3505 844 3563 in
860 3504 914 3564 Ci-

140 3601 257 3659 ceroois
273 3597 366 3658 libris.
377 3598 414 3656 de
438 3595 600 3675 Republica
619 3593 675 3666 lll,
703 3614 728 3651 c.
755 3592 785 3664 8,
808 3591 913 3667 legun·

141 3703 208 3747 tur:
280 3692 450 3761 etreporiret
463 3699 492 3741 et
513 3697 648 3752 tueretur;
673 3687 747 3740 alter
765 3694 857 3738 autern
879 3682 916 3737 de

142 3785 205 3854 ipsa
224 3779 339 3847 justitia
358 3785 490 3847 quattuor
503 3775 628 3847 implerit
648 3790 717 3828 sanc
734 3770 856 3845 grumas
877 3769 916 3822 li-

142 3865 213 3924 bros.
226 3865 330 3920 Numa
346 3859 503 3934 Clrrsippo
516 3860 590 3916 nilril
602 3877 733 3934 magnum
741 3875 792 3912 nec
804 3860 916 3928 magni·

143 3956 226 4013 licum
247 3951 412 4018 desiderari,
433 3951 481 4021 qui
494 3965 541 4002 suo
552 3949 672 4020 quodam
690 3964 765 4002 ruore
785 3947 915 4018 loquitarr,

142 4057 172 4100 ut
185 4045 282 4098 omnia
293 4038 440 4095 uerborum
453 4040 607 4103 nrorncntis,
619 4053 675 4090 non
686 4051 776 4088 rerum
786 4033 917 4107 ponderi·

146 4127 196 4184 lrus
215 4129 368 4184 examinet.
393 4125 510 4180 illorum
527 4119 593 4194 suit
610 4122 739 4190 heroum,
755 4139 819 4176 eam
831 4123 918 4176 virtu·

143 4233 211 4292 tem,
224 4235 288 4292 quoe
301 4227 343 4270 est
358 4233 426 4283 una,
443 4218 469 4267 si
488 4213 569 4266 arado
586 4222 636 4280 est,
652 4215 775 4266 maxime
785 4209 918 4280 munifica

142 4398 275 4459 ὶιγοςιένοις
288 4403 383 4460 imatus.
392 4411 428 4445 me
442 4409 488 4445 uon
508 4397 589 4446 videre
602 4395 723 4451 confiteor,
736 4407 779 4444 ear
794 4400 850 4444 tanc
860 4406 916 4451 prse-

144 4475 215 4521 tertto
226 4475 331 4528 tempore
339 4461 468 4517 δεδωκυίας
480 4467 731 4520 οΙκΙιιοιΑιὶιίοιοΙοο,
744 4477 786 4510 uec
794 4459 918 4516 indcium?

144 4533 216 4592 Quod
226 4535 246 4579 sl
256 4534 315 4578 laisa
331 4532 441 4588 opinione
454 4529 564 4584 decipior,
581 4539 686 4574 errorem
696 4526 860 4573 condonabuut
874 4525 918 4571 riri

144 4594 320 4647 humanissimi,
334 4593 358 4638 tn
372 4603 398 4638 rc
410 4593 459 4637 tam
476 4589 567 4635 lubrica
580 4588 710 4646 presertim
723 4588 883 4640 commissum.
895 4587 918 4630 ct

143 4656 187 4712 oui
200 4653 266 4708 mat,
281 4656 308 4700 ut
322 4663 384 4698 nuuc
397 4651 475 4705 rideo,
487 4661 541 4698 cum
552 4652 616 4697 lullo
630 4651 706 4704 Ροοιο,
717 4647 780 4694 baud
789 4646 917 4704 sperarum

144 4717 277 4762 Arumtciis
284 4715 425 4772 interprete,
436 4713 566 4758 mamonis
580 4715 620 4759 est
632 4711 667 4759 cl.
677 4712 727 4767 elus
736 4720 821 4757 oomm.
834 4710 858 4755 iu
867 4708 886 4755 l.
897 4708 914 4754 l.

145 4781 175 4826 ds
183 4781 301 4835 animmp.
311 4775 492 4823 rotmanos.
503 4781 561 4820 tuas.

971 3518 1037 3586 quia
1049 3511 1268 3586 vituperandam
1282 3527 1344 3565 esse
1346 3511 1485 3582 justitiam
1498 3512 1647 3580 sentiebat,
1659 3512 1746 3566 sedat

970 3603 1033 3655 illos
1056 3596 1216 3669 dtejensores
1230 3604 1292 3669 ejus
1311 3599 1467 3652 ostenderet
1480 3599 1555 3652 nilril
1572 3603 1655 3666 certi,
1675 3598 1748 3652 nihil

967 3689 1051 3762 firmi
1073 3689 1110 3742 cle
1125 3689 1237 3759 justitia
1251 3686 1392 3741 disserere.
1418 3683 1459 3740 Ne
1472 3701 1544 3740 vero
1558 3684 1660 3742 credas
1672 3682 1746 3743 male

971 3769 1019 3830 hic
1038 3770 1214 3829 Carneadem
1237 3789 1294 3848 pro
1315 3767 1482 3846 Chrysippo
1503 3768 1616 3840 induci,
1634 3771 1745 3849 quippe

971 3879 1056 3937 quem
1064 3858 1195 3917 Platonis
1207 3871 1236 3916 et
1241 3856 1406 3915 Aristotelis
1414 3855 1451 3914 de
1459 3854 1574 3932 justitia
1582 3857 1744 3916 doctrinam

972 3952 1158 4027 impugnasse
1172 3947 1295 4004 affirmet
1308 3943 1481 4003 Plutarchus
1491 3942 1540 4024 (ci.
1554 3944 1632 4003 inira
1643 3945 1744 4022 fragm.

976 4035 1022 4115 a),
1038 4035 1193 4094 tenendum
1208 4047 1253 4093 cst
1266 4032 1448 4092 Lactantium
1465 4032 1502 4091 dc
1521 4031 1613 4090 altera
1626 4032 1742 4091 illarum

974 4125 1191 4184 notissimarum
1204 4122 1432 4207 disputationum
1447 4120 1547 4199 loqui,
1567 4139 1671 4198 quam,
1694 4121 1747 4180 im-

973 4211 1118 4292 probante
1132 4210 1252 4282 Catone,
1268 4209 1365 4268 llornae
1379 4207 1522 4267 habuerat
1534 4207 1703 4268 Carneades.

1014 4299 1058 4357 lle
1073 4299 1179 4358 horum
1194 4296 1339 4356 librorum
1355 4309 1536 4373 argumento,
1549 4296 1685 4374 proxime
1709 4298 1745 4356 ad

973 4387 1141 4446 Platonicos
1161 4384 1255 4444 libros
1279 4384 1316 4443 de
1342 4383 1503 4461 llcpnblica
1522 4383 1685 4456 accedenti,
1710 4385 1747 4443 de

973 4474 1099 4551 quibus,
1125 4484 1196 4532 teste
1223 4472 1330 4530 Proclo
1366 4473 1397 4530 in
1423 4471 1538 4530 Platon.
1570 4470 1738 4550 llernpubl.,

971 4581 1003 4636 p.
1021 4562 1079 4636 349
1090 4579 1136 4638 sq.
1150 4558 1345 4629 Basil.,multi
1359 4559 1399 4616 ita
1413 4569 1582 4636 statuerant,
1594 4557 1662 4615 illos
1672 4575 1746 4635 prae·

973 4650 1059 4727 cipue
1072 4649 1105 4707 in
1118 4647 1280 4725 quaestione
1292 4646 1329 4704 de
1342 4645 1457 4724 justitia
1475 4647 1601 4718 versari,
1618 4647 1656 4704 cl.
1675 4645 1744 4703 Ber·

974 4756 1057 4815 nays,
1070 4737 1092 4797 l.
1107 4737 1129 4797 l.
1141 4758 1172 4817 p.
1185 4737 1222 4804 ts
1233 4755 1297 4815 sqq.
