4017 5984
208 323 268 382 θθθ

206 451 256 532 γάρ
269 450 365 530 ἀγγείῳ
374 451 419 510 καλ
433 450 611 533 κρεμάσαντες
630 449 660 509 τδ
674 451 776 529 άγγεῖον
791 453 817 510 ἐν
831 451 869 530 τῷ
885 449 978 530 ρρέατι

205 545 252 612 τῆς
270 544 356 617 πηγῆς
371 537 408 617 μὴ
426 537 580 617 ἁπτόμενον,
600 537 690 598 είασαν
709 541 920 615 ἐπινυκτερεῦσαι
935 538 978 596 καὶ

205 627 270 709 πρδς
283 628 312 686 τὸ
327 629 428 685 δεῖπνον
442 626 575 704 έκομέζετο
583 631 631 686 τοῦ
642 625 793 706 προσφάτου
807 625 976 707 ψυχρότερον.

205 707 259 775 Ἦν
275 717 301 776 δὲ
322 721 336 774 ὁ
358 715 425 782 ξένος
439 718 572 795 φιλόλογος
587 717 706 782 ἐπιεικῶς
720 713 766 773 καλ
781 720 858 774 τοῦτο
871 713 921 795 έρτ,
934 717 978 774 λα·

209 801 264 860 όεῖν
281 805 311 862 ἐκ
327 805 379 860 τῶν
389 801 539 880 Ἀριστοτ
549 802 651 874 έλους,
665 801 733 878 μιτδι
752 801 830 879 λόγου
849 801 978 879 κείμενον,

207 881 308 950 ιῖναιδὲ
322 890 419 950 τοιόνδε
427 891 470 950 τὸν
479 891 566 969 λόγον.
578 895 636 950 [lev
647 889 717 972 ὕδωρ
728 889 920 970 προθερμανθέν
931 890 980 970 ψύ-

205 1001 284 1058 χεται
298 979 414 1053 μᾶλλον,
430 975 521 1059 ὥσπερ
535 977 564 1037 τὸ
586 987 640 1046 τοῖς
658 981 793 1054 βασιλεῦσι
806 1001 981 1058 παρασκευα-

206 1065 324 1143 ζόμενον,
340 1062 402 1126 όταν
419 1068 503 1146 ἑψηθῇ
519 1065 599 1145 μέχρι
609 1064 713 1140 ζέσεως,
729 1065 932 1146 περισωρεύουσι
945 1070 983 1147 τῷ

206 1153 304 1234 άγγεέῳ
318 1153 396 1234 χιόνα
408 1153 520 1230 πολλὴν,
536 1155 581 1212 καί
593 1154 692 1230 γίνεται
706 1155 875 1234 ψυχρότερον·
893 1153 983 1234 ῶσπερ

206 1240 300 1315 σἰμέλει
314 1241 361 1299 καί
379 1242 411 1298 τὰ
427 1242 542 1320 ἡμέτεροι
565 1241 677 1318 σώματα
689 1241 857 1318 λουσαμένων
870 1241 983 1326 περιψύ-

204 1349 282 1406 χεται
297 1331 406 1406 μᾶλλον·
427 1333 444 1399 ἡ
458 1327 508 1408 γθρ
524 1330 575 1388 biti
592 1333 639 1400 τῆς
662 1331 818 1410 θερμότητος
833 1329 919 1397 άνεσις
932 1352 982 1390 πο-

206 1415 320 1497 λύπορον
334 1417 364 1476 τὸ
382 1421 459 1494 σῶμα
473 1417 518 1476 καί
533 1417 614 1493 μανὸν
630 1418 827 1498 ἀπειργασμένη
841 1417 923 1480 πολύν
941 1417 968 1478 δέ

205 1525 284 1582 χιται
306 1503 351 1565 τδν
377 1503 468 1572 ἔξωθεν
493 1504 571 1584 ἀέρα,
597 1504 643 1564 καΙ
671 1506 818 1586 βιαιοτέραν
842 1510 912 1566 ποιεῖ
935 1505 983 1575 riv

207 1590 372 1669 perniciali·
400 1593 462 1650 ὅταν
487 1583 530 1650 οὗν
556 1596 713 1675 ὑποπλασθῇ
743 1596 794 1654 ὑπὸ
817 1599 864 1668 τῆς
891 1598 980 1676 πηγῆς

205 1679 235 1737 ri>
254 1679 323 1762 ὕδωρ
336 1683 362 1739 ἐν
377 1683 414 1761 τῷ
429 1680 486 1760 σἰίρι
502 1682 706 1762 προθερμανθέν,
728 1683 901 1764 περιψύχεται
923 1707 976 1742 τα-

226 1793 285 1836 εως.

204 1791 224 1846 χ
245 1855 357 1914 Similia
381 1857 458 1931 legas
481 1856 511 1913 in
534 1857 620 1914 Arist.
638 1857 758 1916 lieteor.
782 1861 808 1928 l,
833 1861 898 1934 12§
916 1880 947 1930 ¹7
973 1881 978 1914 :

116 1947 118 1950 ’
205 1942 396 2020 Συμθάλλεται
420 1944 442 1999 δ’
454 1941 492 2002 ἔτι
514 1942 578 2020 πρὸς
594 1945 641 2014 τὴν
662 1949 798 2022 ταχυτῆτα
812 1947 858 2014 τῆς
881 1942 982 2014 πήξεως

203 2031 248 2088 καὶ
270 2031 300 2089 τὸ
317 2029 540 2110 προτεθερμάνθαι
555 2030 585 2090 τὸ
598 2030 678 2110 ὕδωρ.
706 2033 798 2108 Magis
813 2035 898 2090 etiam
914 2051 979 2090 cum

203 2117 358 2178 Plutarcho
382 2119 450 2174 lucit
470 2117 633 2176 Alexander
652 2119 810 2196 Aphrodis.
836 2121 865 2178 in
891 2119 980 2177 Arist.

203 2206 325 2268 Meteor.
344 2207 393 2264 lol.
407 2207 544 2264 adverso
561 2227 567 2262 :
584 2207 637 2266 Καὶ
650 2211 673 2266 σί
688 2208 814 2287 ψύχοντες
831 2206 897 2265 δὲτὸ
910 2205 981 2284 ὕδωρ

203 2297 236 2372 τῇ
255 2296 302 2362 τῆς
326 2291 411 2370 χιόνος
426 2293 516 2360 ἔξωθεν
538 2294 667 2372 περιθέσει
681 2297 718 2374 τῷ
735 2293 841 2372 ιἰγγείῳ,
865 2295 892 2351 έν
912 2284 934 2374 ᾧ
952 2293 982 2351 τὸ

207 2379 355 2460 ψυχόμενόν
380 2381 446 2455 ἐστι,
462 2381 685 2458 προθερμὴναντες
701 2383 736 2446 ὡς
757 2379 797 2438 δτι
817 2381 933 2454 μάλιστα
951 2379 981 2437 τδ

203 2467 357 2547 ἐγχεόμενον
370 2465 439 2546 ὕδωρ
449 2471 485 2534 εἰς
502 2467 565 2526 αιἰτθ
582 2467 664 2535 ούτως
679 2467 825 2546 ἐγχέουσιν,
839 2471 874 2530 ὡς
886 2472 979 2526 θᾶττον

202 2559 249 2614 τοῦ
265 2555 525 2640 προτιθιρμασμένου
541 2555 699 2636 ψυχομένου.
717 2553 796 2614 Ἀλλδ
813 2554 857 2614 καὶ
872 2553 918 2613 δύο
932 2557 979 2631 άγ-

205 2643 283 2722 γαίων
305 2646 341 2708 εἰς
365 2643 444 2722 φρένα
466 2642 502 2722 (e
524 2643 682 2704 Plutarcho
708 2643 911 2718 corrigendum
938 2656 981 2702 est

202 2729 302 2810 φρέαρ)
320 2730 546 2808 έγκρεμασθέντων
559 2731 654 2808 ὁμοίων
673 2755 701 2791 τι
713 2731 758 2790 καί
774 2730 844 2808 ὕδωρ
856 2729 979 2809 ἐχόντων,

203 2817 272 2878 diii
296 2825 340 2877 τοῦ
367 2818 414 2894 μὲν
436 2819 545 2898 θερμόν,
571 2824 616 2879 τοῦ
638 2819 665 2878 δέ
688 2820 801 2899 ψυχρόν,
822 2816 980 2898 ψυχρότερον

200 2907 300 2986 γίνεται
325 2907 354 2966 τὸ
380 2906 440 2985 ἔχον
462 2907 492 2966 τὸ
515 2909 785 2986 προτεθερμασμένον.
811 2907 886 2964 ilino
912 2926 979 2984 pro·

201 2997 276 3053 lecto
297 2994 417 3070 colligas
443 2994 585 3074 hospitem
607 2995 702 3066 illum,
720 2995 855 3071 (quamvis
874 3013 891 3051 ιι
913 2992 981 3054 Plu·

201 3083 301 3142 tarcho
329 3082 480 3157 laudetur,
506 3083 542 3149 ὡς
573 3083 699 3160 ἀνδρικῶς
727 3082 980 3159 καταμνημονεύσας

202 3172 268 3246 (1.1.
284 3189 309 3230 s.
326 3168 352 3227 ll
365 3171 384 3247 l,
399 3170 511 3247 aliquid
525 3189 626 3228 eorum
640 3169 764 3228 oblitum
779 3189 842 3228 esse
862 3189 928 3246 quae
942 3169 978 3230 ab

201 3258 359 3318 Aristotele
373 3258 587 3330 dictaremus,
601 3259 677 3318 unde
688 3259 792 3319 lactum
806 3271 850 3318 est
863 3259 976 3318 utl’lu-

202 3346 317 3404 tarchus
328 3343 364 3402 de
378 3345 549 3421 questionis
567 3346 713 3404 solutione
728 3345 917 3408 dubitaverit.
931 3347 973 3406 Cf.

201 3434 287 3491 etiam
311 3431 573 3509 olympiodorum,
598 3434 616 3490 l.
642 3434 661 3493 l.
686 3434 706 3494 f.
731 3455 765 3491 οι
785 3447 876 3491 recto.

753 319 996 380 ARISTOTELIS
1017 321 1263 384 FRAGMENTA.

1358 483 1377 538 9
1392 463 1482 544 (δατ).

1044 611 1047 618 “
1075 605 1219 665 Plutarch.
1239 604 1347 675 Quaest.
1372 605 1492 665 conviv.
1516 609 1542 678 1,
1571 626 1590 682 9
1621 628 1628 664 τ
1653 605 1704 666 ud
1723 605 1750 665 τί
1774 609 1811 686 τῷ

1035 693 1140 776 ποτίμῳ
1166 695 1266 775 βέλτιον
1289 692 1364 752 ύδατι
1388 691 1405 764 ἡ
1426 695 1464 772 τῷ
1485 692 1618 776 θαλαττίῳ
1631 693 1756 755 πλύνεται
1776 697 1811 754 τά

1034 781 1191 860 ίμάτια;...,
1213 781 1283 842 ’Ati'
1303 780 1360 841 εέπέ
1382 781 1417 841 δι’
1433 781 1467 854 ἡν
1481 779 1568 856 αἰτίαν
1584 781 1704 860 Ὅμηρος
1725 785 1752 842 έν
1772 786 1812 864 τῷ

1035 876 1147 953 ποταμῷ
1158 871 1317 941 πλύνουσαν,
1333 871 1380 929 οὐκ
1392 871 1420 928 έν
1433 873 1467 949 τῇ
1481 870 1614 950 θαλάττῃ,
1627 871 1723 951 καίπερ
1736 871 1812 951 έγγθς

1038 960 1114 1039 οὔσῃ,
1130 958 1178 1031 τὴν
1202 959 1358 1020 Ναυσικάαν
1382 958 1523 1032 πεποίηκε,
1547 963 1634 1019 καίτοι
1652 959 1811 1041 θερμοτέραν

1035 1071 1066 1126 γε
1079 1047 1125 1106 καλ
1139 1045 1343 1129 διαρανιστέραν
1362 1044 1429 1113 ιέκθς
1450 1045 1495 1108 καΙ
1517 1048 1713 1129 ῥυπτικωτέραν
1734 1039 1810 1110 εἶναι.

1037 1135 1092 1196 Kal
1105 1137 1119 1192 θ
1137 1133 1224 1195 Θέων·
1237 1133 1318 1193 {itit
1331 1133 1408 1194 τοῦτό
1425 1156 1468 1211 γι,
1481 1125 1548 1208 εἶπε,
1560 1137 1598 1216 τῷ
1618 1135 1711 1212 γεώδει
1723 1134 1812 1217 Ἀρι·

1037 1221 1197 1296 στοτέλης
1219 1222 1303 1281 πάλαι
1325 1221 1487 1295 διαλέλυκεν,
1504 1221 1720 1303 όπροθέόληκας
1734 1227 1810 1302 ἡμῖν.

1037 1310 1090 1372 itai
1115 1311 1166 1386 γὰρ
1193 1315 1226 1382 τῆ
1252 1309 1369 1389 θαλάττῃ
1395 1309 1425 1368 τὸ
1441 1309 1526 1392 τραχύ
1548 1311 1594 1370 καλ
1617 1314 1713 1390 γεῶδες
1731 1312 1813 1373 ένδιέ-

1036 1421 1162 1480 σπαρται,
1176 1398 1223 1457 καὶ
1236 1403 1312 1458 τοῦτο
1330 1400 1400 1458 ποιεῖ
1411 1399 1461 1471 τὴν
1477 1399 1627 1472 δλυκάτητα
1639 1401 1811 1480 μεμιγμένον·

1035 1478 1055 1566 ᾗ
1076 1485 1122 1546 καί
1141 1487 1243 1564 μᾶλλον
1257 1491 1275 1558 ἡ
1291 1487 1409 1546 θάλαττα
1422 1487 1481 1555 τούς
1499 1510 1528 1546 τι
1542 1487 1702 1566 νηχομέναις
1721 1488 1812 1556 έξανα·

1037 1570 1127 1654 pipat,
1150 1574 1197 1634 itai
1217 1574 1304 1654 στέγει
1328 1573 1363 1634 τά
1384 1573 1464 1654 βάρη,
1487 1578 1532 1634 τοῦ
1545 1573 1652 1654 γλυκέος
1672 1576 1813 1643 ένδιδόντος

1036 1659 1081 1722 διδ
1104 1661 1253 1744 κουρότητα
1276 1663 1322 1723 καὶ
1338 1663 1480 1723 ἀσθένειαν·
1501 1662 1541 1723 έτι
1556 1661 1609 1744 γάρ
1633 1663 1744 1739 ἄμικτον
1767 1665 1812 1725 καί

1036 1751 1160 1834 καθαρόν·
1171 1750 1227 1810 &ss
1242 1750 1359 1811 ένδύεται
1377 1752 1420 1810 διὰ
1430 1752 1590 1827 λεπτότητα,
1600 1751 1646 1812 καλ
1661 1751 1751 1822 διεξιὸν
1766 1759 1812 1813 τοῦ

1035 1840 1174 1901 θαλαττίου
1197 1840 1298 1916 μδλλον
1312 1839 1417 1911 έκτὴκει
1433 1839 1481 1909 sig
1504 1839 1624 1914 κηλίδας.
1639 1838 1677 1900 'll
1698 1842 1728 1900 οὗ
1742 1842 1814 1900 δοκεῖ

1036 1952 1077 1991 σοι
1101 1932 1177 1988 τοῦτο
1204 1931 1320 1994 πιθανῶς
1344 1927 1427 2004 λέγειν
1447 1927 1647 2009 Ἀριστοτέλης;
1673 1929 1812 2001 Πιθανῶς,

1036 2017 1101 2098 έρην
1113 2015 1174 2093 έγώ,
1184 2017 1213 2074 ού
1226 2015 1279 2091 μὴν
1294 2016 1442 2088 άληθῶς...
1455 2017 1498 2078 lb.
1514 2037 1537 2078 s.
1554 2019 1604 2090 ΙΙΙ,
1618 2017 1636 2094 S
1649 2017 1665 2072 3
1682 2039 1688 2073 :
1704 2017 1812 2096 Λιπαρδ

1035 2103 1063 2164 δέ
1079 2109 1097 2176 ἡ
1114 2104 1248 2176 θάλαττα,
1272 2107 1350 2161 τοῦτο
1367 2102 1397 2162 διν
1420 2103 1502 2162 αἴτιον
1517 2104 1557 2188 εἴη
1578 2103 1694 2182 μάλιστα
1714 2109 1760 2163 τοῦ
1775 2103 1812 2181 μὴ

1036 2193 1122 2257 καλῶς
1147 2189 1262 2249 πλύνειν.
1287 2188 1353 2250 Ὀτι
1382 2189 1410 2248 δέ
1440 2193 1496 2250 ἔστι
1521 2191 1640 2271 λιπαρά,
1666 2191 1712 2250 καί
1736 2193 1812 2260 αὖτδς

1035 2279 1136 2357 εέρηκεν
1162 2277 1350 2358 Ἀριστοτέλης·
1372 2276 1399 2337 οί
1420 2302 1450 2337 τι
1467 2277 1518 2359 γδιρ
1543 2277 1604 2346 άλες
1624 2278 1700 2346 λίπος
1723 2279 1812 2360 έχουσι

1035 2367 1081 2426 καί
1092 2364 1151 2434 τοὺς
1162 2364 1273 2445 λύχνοιίς
1283 2364 1385 2444 βέλτιον
1400 2365 1548 2445 παρέχουσι
1567 2367 1728 2443 καιομένους·
1743 2371 1811 2440 αύτὴ

1033 2477 1062 2514 τε
1075 2460 1093 2528 ἡ
1107 2451 1224 2513 θάλαττα
1235 2454 1443 2533 προσραινομένη
1457 2460 1514 2520 ταῖς
1530 2452 1604 2532 ρλοξί
1618 2455 1810 2531 συνεκλάμπει,

1035 2542 1081 2602 καί
1094 2541 1199 2602 καίεται
1216 2542 1332 2618 μάλιστα
1346 2545 1398 2600 τῶν
1414 2540 1515 2600 ὑδάτων
1527 2540 1558 2599 rb
1571 2542 1744 2604 θαλάττιον...
1764 2544 1808 2607 lb.

1035 2652 1060 2692 s.
1082 2631 1131 2710 w,
1153 2629 1326 2708 §stiterit
1351 2628 1428 2689 Θέων
1450 2627 1603 2701 ύπολαόῶν,
1624 2631 1721 2704 Οὐδέν,
1746 2633 1809 2713 έρη,

1035 2719 1132 2797 λέγεις’·
1147 2715 1328 2798 Ἀριστοτέλης
1349 2717 1399 2797 γάρ
1423 2719 1450 2777 έν
1473 2719 1511 2798 τῷ
1534 2719 1605 2796 αὐτῷ
1629 2719 1723 2802 βιόλίῳ
1748 2723 1813 2802 peel

1034 2807 1095 2875 τοὺς
1127 2809 1153 2865 έν
1184 2807 1300 2882 θαλάττῃ
1332 2804 1509 2881 λουσαμένους
1536 2805 1628 2884 τάχιον
1662 2808 1810 2888 ἀποξηραί-

1034 2901 1122 2956 νεσθαι
1136 2898 1188 2954 τῶν
1204 2892 1311 2972 γλυκέσι
1324 2894 1512 2974 χρησαμένων,
1529 2893 1560 2953 θν
1575 2895 1603 2953 έν
1616 2895 1685 2976 ἡλίῳ
1700 2899 1793 2957 στῶσι.

1053 2977 1099 3052 'ti
1117 2994 1274 3053 Plutarcho
1288 2993 1349 3050 haec
1373 2992 1515 3070 expressit
1539 2991 1669 3054 Macrob.
1693 2992 1808 3056 Saturn.

1035 3082 1129 3142 Serm.
1141 3081 1207 3154 Vll,
1222 3082 1266 3140 13.
1281 3079 1469 3140 Plutarchum
1476 3100 1547 3140 vero
1561 3081 1731 3140 collectione
1741 3083 1810 3142 Pro

1034 3170 1192 3229 blematum
1219 3169 1457 3228 Aristoteleorum
1481 3180 1587 3226 nostrae
1610 3168 1700 3228 simili
1724 3190 1808 3229 usum

1033 3277 1095 3316 esse
1118 3257 1317 3316 demonstrant
1333 3277 1398 3316 cum
1421 3276 1485 3333 quae
1499 3257 1530 3314 in
1545 3255 1597 3314 illa
1613 3272 1771 3316 occurrunt
1784 3279 1808 3321 s.

1032 3344 1139 3416 iiiiii,
1154 3345 1202 3418 ιδ,
1222 3364 1252 3416 7,
1273 3344 1320 3418 15,
1339 3346 1386 3417 32,
1402 3357 1463 3403 tum
1486 3345 1647 3422 praesertim
1662 3344 1807 3406 decimum

1033 3431 1163 3510 ejusdem
1185 3431 1323 3512 sectionis
1347 3430 1518 3510 problema,
1534 3432 1613 3511 quod
1635 3435 1661 3492 έν
1683 3437 1721 3515 τῷ
1737 3437 1808 3516 αὐτῷ

200 3637 290 3687 aquam
302 3625 334 3676 de
353 3629 427 3689 puteo
449 3624 597 3688 frigidiorem
609 3625 657 3676 hoc
674 3625 747 3675 modo
758 3624 893 3675 reddebant
905 3639 911 3670 τ
923 3639 975 3685 ras,
1002 3623 1007 3714 Ι
1029 3623 1126 3674 rina...
1140 3625 1233 3672 verum
1247 3623 1295 3672 hoc
1309 3622 1406 3687 expedi,
1421 3636 1465 3672 cur
1475 3625 1600 3674 iiomerus
1612 3626 1758 3677 uanum
1768 3627 1804 3678 ie·

202 3727 252 3777 quo
271 3712 359 3764 liaustu
373 3716 425 3764 erat
446 3727 526 3777 aqua,
544 3713 570 3762 in
585 3715 660 3776 puteo
683 3711 877 3777 suspendentem
891 3713 926 3762 ita
950 3715 977 3761 nt
1029 3710 1228 3771 centiplicato,
1243 3711 1330 3760 nonin
1348 3710 1553 3772 manturanum,
1570 3714 1638 3776 qued
1650 3717 1733 3766 buten
1751 3717 1806 3766 erat

201 3801 356 3863 supertieiem
366 3814 437 3864 aquas
449 3813 496 3851 non
512 3800 670 3865 contingeret,
683 3801 766 3864 itaque
775 3813 820 3864 per
829 3803 925 3851 noctem
935 3813 973 3850 re·
1032 3799 1058 3850 in
1071 3796 1207 3863 propinquo
1215 3817 1223 3862 ;
1233 3812 1312 3862 quum
1325 3800 1424 3862 quidem
1440 3804 1558 3865 appareat
1576 3801 1698 3853 marinam
1706 3815 1804 3866 aquam

199 3889 325 3952 liquerunt
339 3902 346 3930 τ
359 3888 475 3952 postridie
488 3889 519 3938 ad
535 3901 629 3939 coenam
650 3887 731 3950 allata,
747 3888 839 3942 recenti
855 3889 909 3938 erat
927 3885 972 3936 iri·
1030 3886 1122 3950 quippe
1135 3886 1276 3937 mlidiorem
1290 3890 1316 3936 ct
1336 3887 1520 3951 pellucidiorem
1533 3887 1626 3950 νυκὶοσο
1650 3887 1676 3939 ri
1694 3890 1805 3954 mendi

199 3979 285 4042 pidior.
306 3981 365 4028 Erat
380 3979 497 4029 summis
515 3977 604 4042 hospes
622 3977 682 4030 satis
694 3977 822 4042 literatus,
843 3977 974 4040 aiebatque
1029 3973 1159 4037 preditam
1174 3988 1240 4026 esse.
1263 3975 1385 4038 tbineo‚
1400 3977 1475 4040 Atqui
1489 3976 1554 4026 banc
1565 3975 1645 4037 nobis,
1658 3976 1747 4039 iuquit,
1760 3977 1805 4028 abs

199 4067 247 4116 hoc
260 4080 286 4116 se
299 4065 450 4116 desumsisse
463 4063 492 4116 στ’
505 4065 670 4126 inscietatis,
684 4065 727 4116 ubi
735 4065 817 4117 addita
836 4066 930 4115 ratione
943 4066 975 4116 ie·
1028 4068 1055 4116 te
1069 4066 1221 4129 propositam
1231 4066 1393 4131 questionem
1406 4066 1459 4128 iam
1468 4067 1563 4130 pridem
1570 4066 1715 4118 Aristoteles
1723 4068 1801 4133 mpii·

201 4159 307 4220 geretur.
321 4155 448 4206 Rationem
465 4155 548 4204 autem
565 4167 620 4206 esse
630 4154 713 4205 talem
728 4155 814 4205 omnis
829 4168 893 4218 aqua
907 4154 976 4218 prius
1028 4148 1095 4200 cavit
1114 4163 1158 4213 per
1169 4151 1310 4200 Ιεποεετοιιι
1327 4150 1474 4214 portionem.
1488 4151 1585 4202 Etenim
1602 4151 1665 4200 mari
1679 4151 1803 4214 peremtas

203 4243 321 4294 adelecia
332 4244 410 4307 magis
423 4242 595 4306 refrigeratur3
612 4245 641 4293 ut
651 4255 680 4292 ea
690 4255 747 4306 quae
755 4243 851 4306 regibus
864 4245 972 4308 paratur,
1028 4239 1087 4287 suut
1108 4240 1190 4300 partes
1204 4250 1298 4302 aspere
1311 4240 1385 4303 atque
1398 4241 1535 4300 terrestres,
1552 4238 1618 4288 uude
1632 4236 1730 4302 salsugo
1744 4238 1800 4288 esss-

201 4334 250 4398 igni
267 4333 364 4382 admota
383 4331 443 4382 dum
458 4332 566 4392 laneat,
580 4345 639 4382 vase
655 4331 744 4382 dehinc
764 4333 841 4382 muita
862 4333 918 4383 nive
936 4345 975 4382 ao·
1028 4325 1102 4376 citur·
1116 4326 1259 4392 Atqueideo
1270 4331 1374 4378 marcet
1386 4327 1515 4379 semiusta
1525 4339 1622 4377 summo
1632 4327 1680 4377 lert
1690 4329 1802 4378 uabntrs

199 4420 478 4472 cumulatacircumduto
486 4419 594 4484 frigidior
603 4419 726 4470 redditur:
738 4420 801 4470 sicut
810 4420 884 4471 etiarn
892 4421 975 4470 ιιοειτε
1027 4415 1053 4462 ei
1069 4426 1143 4463 onera
1164 4414 1290 4464 sustinet:
1312 4429 1390 4478 ουιιιιι
1403 4415 1483 4466 dulcis
1496 4427 1560 4477 aqua
1579 4413 1612 4464 ob
1628 4415 1753 4465 levitatem
1774 4419 1802 4466 et

203 4509 290 4570 utrque
300 4518 411 4569 corpora,
420 4505 462 4554 ubi
471 4504 616 4560 laverimus.
632 4505 724 4556 facilius
740 4506 872 4570 frigescunt
890 4525 895 4554 ;
915 4504 973 4568 qiria
1027 4497 1220 4548 imbecillitatem
1232 4499 1262 4549 iis
1271 4500 1343 4550 colat
1356 4520 1362 4551 ε
1377 4501 1431 4549 itoec
1446 4500 1510 4549 enim
1524 4497 1606 4548 adhuc
1616 4497 1710 4550 είιιοετε
1723 4502 1800 4551 estet

199 4593 290 4646 laxatio
302 4607 318 4643 a
337 4593 416 4643 calore
428 4591 540 4642 accidens
551 4607 640 4657 corpus
655 4593 740 4644 multis
753 4593 876 4644 meatibus
887 4596 973 4657 patens
1025 4585 1192 4650 impermlxlm
1208 4601 1283 4651 quare
1292 4588 1487 4638 lecileiuvttlet
1493 4585 1663 4638 watenuihle
1677 4592 1799 4652 penetret,

200 4691 229 4730 ac
241 4693 325 4730 rarum
340 4679 410 4740 iecit;
429 4680 459 4728 ut
469 4679 519 4741 iam
534 4682 662 4730 extentum
673 4691 755 4730 aerem
769 4679 896 4730 confertim
907 4679 971 4730 reci·
1026 4687 1174 4738 rursumque
1185 4676 1308 4738 perfluens
1321 4676 1400 4740 magis
1409 4689 1484 4739 quam
1501 4674 1594 4726 marina
1609 4677 1719 4727 maculas
1725 4677 1798 4744 eluit.

199 4767 276 4834 plens,
288 4768 459 4819 veliementius
471 4771 592 4820 mutetur.
603 4771 667 4832 Ergo
680 4783 744 4832 aqua
754 4783 832 4832 quum
848 4767 972 4818 subducta
1025 4767 1076 4814 Aut
1087 4767 1125 4816 est
1136 4779 1180 4814 rur
1188 4780 1238 4816 non
1252 4765 1365 4818 videatur
1376 4765 1422 4816 tibi
1431 4765 1576 4816 Aristoteles
1583 4764 1632 4816 hoc
1641 4764 1799 4831 probabiliter

200 4854 232 4906 sit
248 4857 361 4919 eputeo,
377 4855 401 4904 in
412 4855 583 4918 aereprimsm
597 4854 843 4914 messembriam
863 4853 972 4919 undique
1025 4852 1133 4903 druse?
1148 4853 1308 4904 probabiliter
1326 4867 1393 4915 sane,
1409 4853 1510 4917 inquam
1522 4867 1577 4917 ego,
1592 4857 1680 4904 utnon
1698 4867 1798 4905 rere...

201 4943 366 5004 rehiperatur.
581 4933 585 4940 ’
998 4909 1261 5018 [Pingueautemest
1277 4953 1343 4992 mare
1359 4940 1403 4992 :id
1418 4941 1493 5005 igitur
1508 4942 1663 5006 precabaris
1679 4941 1798 4992 omnibus

573 5033 598 5078 9.
997 5019 1001 5084 l
1025 5028 1051 5078 in
1065 5041 1138 5079 causa
1150 5043 1204 5080 esse
1217 5032 1289 5092 puto,
1301 5029 1367 5092 quod
1378 5042 1442 5092 aqua
1457 5030 1511 5094 ejus
1519 5043 1568 5080 non
1578 5029 1640 5082 bene
1653 5032 1724 5082 eluit.
1736 5031 1798 5080 Pin·

234 5113 286 5165 θιιτ
301 5128 364 5180 aqua
384 5114 483 5180 potahiii
498 5113 585 5165 meiius
599 5113 713 5165 eluantur
724 5115 814 5178 restes,
827 5127 902 5178 quam
919 5128 970 5166 ma·
997 5087 1001 5128 Ι
1026 5129 1099 5178 gueni
1115 5131 1174 5169 raro
1189 5130 1244 5168 esse
1262 5130 1351 5180 squam
1362 5118 1483 5168 marinam
1494 5118 1547 5182 ipse
1560 5119 1703 5172 Aristoteles
1719 5134 1797 5183 espie-
