4017 5984
858 410 1084 473 Dll'lSlONES.
1457 430 1467 453 ⁴
1735 421 1771 481 itt

175 541 230 616 lll,
248 549 319 611 Δια.
342 543 383 600 De
397 542 551 621 deperdito
569 543 648 603 libro
669 540 734 599 sive
767 546 945 623 μαθηματικῷ
1000 542 1047 602 καὶ
1062 541 1171 623 ὕστερα,
1187 541 1220 601 ιθ
1235 542 1264 603 δέ
1283 544 1353 605 κατὰ
1368 543 1443 625 φύσιν
1458 545 1503 603 καὶ
1524 546 1626 617 αὗσέαν,
1641 546 1692 607 ὅσα
1707 550 1778 609 ἐνδέ-

175 630 238 688 sive
254 628 315 710 περὶ
332 633 379 700 τῆς
399 631 425 687 έν
439 638 493 697 τοῖς
513 632 667 708 μαθήμασιν
684 629 773 696 οθσέας
798 629 948 707 cogitabat
999 653 1077 709 χεται
1090 620 1155 689 εἶναι
1168 630 1229 690 ἄνευ
1242 631 1341 709 ἄλλων,
1353 634 1439 691 ἐκεῖνα
1455 632 1481 691 δέ
1497 631 1558 691 ἄνευ
1574 633 1679 694 ἐκείνων
1697 628 1778 717 μιμῇ

175 718 336 777 Fabricius.
351 719 394 777 De
412 719 522 797 quibus
535 733 647 791 tamen,
659 734 851 799 preterquam
866 718 944 798 quod
1000 718 1125 797 διαιρέσει
1148 718 1279 799 ἐχρήσατο
1298 718 1430 792 Πλάτων,
1451 740 1516 797 quae
1539 720 1689 783 distinctio
1713 726 1778 783 sru-

177 810 209 867 in
225 808 375 869 indicibus
389 810 590 881 nominantur,
606 809 680 869 nihil
695 824 876 887 compertum
891 821 944 868 est.
999 820 1061 866 stra
1074 808 1105 865 in
1126 806 1190 883 ejus
1211 806 1297 865 libris
1320 808 1371 885 qui
1393 821 1508 879 exstant
1529 810 1679 885 quaeritur.
1703 811 1776 869 Num

1000 894 1125 953 veroin
1149 894 1297 951 Platonem
1321 892 1441 966 cadant,
1465 914 1530 973 (γοα
1556 909 1658 954 contra
1677 898 1776 957 salsam

1001 980 1196 1059 quorumdam
1209 981 1386 1041 divisionem
1404 1003 1541 1059 generum
1558 986 1725 1043 animalium
1741 987 1777 1045 ab

698 1124 703 1135 ,
1001 1071 1155 1129 Aristotele
1173 1070 1251 1129 dicta
1272 1084 1350 1142 sunt,
1373 1072 1408 1130 de
1428 1072 1519 1132 Parit.
1543 1074 1670 1133 Animal.
1697 1078 1722 1146 Ι,
1746 1096 1775 1146 α,

407 1136 720 1215 ΔΔΑῙΡΕΣΕῙΣ.
1002 1161 1018 1217 3
1040 1180 1047 1214 :
1064 1156 1125 1217 Ἔτι
1139 1158 1167 1217 δέ
1181 1156 1309 1239 προσήκει
1323 1156 1360 1234 μὴ
1375 1160 1489 1217 διασπᾶν
1507 1160 1614 1219 ἕκαστον
1629 1160 1711 1239 γένος,
1724 1153 1775 1223 οἷον

999 1243 1060 1312 τοὺς
1073 1244 1174 1325 ὄρνιθας
1188 1242 1247 1313 τοθς
1267 1243 1314 1323 μέν
1330 1248 1356 1303 έν
1371 1248 1447 1325 τῇδε,
1462 1246 1522 1313 τοὺς
1537 1246 1559 1308 θ’
1576 1250 1601 1307 ἐν
1622 1247 1690 1329 άλλῃ
1706 1249 1777 1307 διαι-

213 1328 362 1387 Platonem
385 1329 416 1386 in
437 1326 588 1406 Διαιρέσεαι
613 1328 697 1385 alieri
719 1328 886 1386 Aristoteles
910 1328 946 1387 de
1002 1332 1072 1413 ρέσει
1094 1331 1213 1413 καθάπερ
1240 1331 1346 1411 έχουσιν
1369 1335 1396 1391 αἱ
1425 1334 1607 1411 γεγραμμέναι
1631 1335 1777 1417 διαιρέσεις·

172 1416 278 1477 Gener.
292 1429 321 1474 et
333 1416 469 1495 Corrupt.
485 1416 525 1487 ll,
540 1418 570 1489 3,
584 1417 601 1473 5
619 1414 767 1483 εἈτιαντες
779 1417 802 1473 oi
823 1414 856 1474 τδι
872 1415 945 1475 ἁπλᾶ
1000 1424 1055 1480 ἐκεῖ
1067 1420 1117 1501 γὰρ
1130 1419 1191 1488 τοὺς
1205 1420 1253 1497 μέν
1265 1420 1332 1498 μετὰ
1353 1424 1403 1478 τῶν
1422 1418 1533 1501 ἐνύδρων
1554 1422 1695 1499 συμδαένει
1716 1424 1778 1503 διῃ-

170 1506 282 1583 σάιματα
296 1508 413 1585 στοιχεῖα
434 1508 566 1571 ποιοῦντας
588 1504 612 1561 οἱ
627 1500 674 1579 μέν
690 1501 736 1572 ἓν,
759 1504 782 1561 ol
806 1498 834 1560 δέ
849 1502 906 1581 δύο,
921 1508 946 1562 οἱ
1002 1513 1107 1591 ρῆσθαι,
1120 1508 1180 1577 τοὺς
1202 1510 1225 1567 δ’
1236 1511 1263 1568 ἐν
1279 1508 1352 1592 ἄλλῳ
1375 1507 1458 1587 γένει,
1475 1510 1543 1569 licet
1568 1510 1675 1569 similia
1695 1512 1779 1569 inve-

172 1594 201 1653 δὲ
218 1592 294 1674 epist,
313 1595 337 1653 oi
359 1593 386 1651 δέ
406 1590 522 1672 τέτταρα
540 1594 693 1651 ποιοῦσιν...
708 1592 745 1650 Οἱ
767 1590 791 1647 δ’
805 1588 880 1657 εὐθὺς
900 1594 946 1652 δύο
1001 1600 1120 1657 niantur
1143 1617 1209 1655 cum
1229 1599 1262 1655 in
1282 1596 1428 1675 Sophiste,
1455 1617 1484 1675 p.
1507 1618 1577 1671 ατο,
1594 1600 1628 1669 Α,
1650 1598 1684 1669 Β,
1716 1611 1778 1656 tum

173 1685 316 1755 ποιοῦντες,
326 1678 416 1760 ὥσπερ
431 1678 602 1761 Παρμενίδης
614 1682 668 1758 πῦρ
678 1676 724 1737 καὶ
733 1680 795 1753 γῆν,
805 1674 839 1735 td
848 1678 946 1752 μεταξὺ
1000 1686 1148 1764 praecipue
1161 1685 1194 1743 in
1208 1684 1346 1756 Politico,
1361 1704 1389 1761 p.
1405 1686 1473 1757 264,
1490 1686 1527 1757 D,
1540 1684 1625 1743 valde
1635 1684 1777 1743 incertum

172 1770 292 1848 μίγματα
306 1772 410 1827 ποιοῦσι
422 1766 534 1843 τούτων,
543 1756 596 1823 οἷον
614 1763 679 1845 δέρει
690 1763 735 1824 καὶ
752 1762 832 1843 ὕδωρ.
846 1763 948 1827 Ὧσαά·
1002 1772 1098 1830 videri
1112 1771 1230 1849 poterit.

171 1880 221 1921 τινα
238 1855 283 1915 καὶ
297 1857 322 1913 οἱ
343 1854 403 1933 τρία
416 1853 550 1931 λέγοντες,
570 1851 689 1931 καθάπερ
709 1849 826 1911 Πλάτων
845 1855 871 1910 έν
890 1854 946 1921 ταῖς
1043 1858 1207 1935 Utcumque
1222 1877 1293 1915 vero
1308 1859 1343 1915 de
1356 1857 1410 1915 hac
1426 1878 1457 1914 re
1471 1870 1613 1915 statuatur
1624 1858 1678 1933 (cs.
1690 1856 1795 1929 liour·¹

170 1941 444 2024 Διαιρέσεσιν·τδγδιρ
451 1942 531 2017 μέσον
539 1948 627 2018 μῖγμα
637 1946 717 2000 ποιεῖ.
728 1939 866 2009 Quaenam
876 1961 946 2001 vero
1000 1960 1069 2017 not,
1105 1950 1253 2003 Platonica
1283 1947 1441 2007 Aristotelis
1466 1950 1617 2021 opuscula,
1651 1946 1776 2006 Putbus.

170 2032 215 2089 hae
237 2031 402 2089 Divisiones
423 2029 532 2087 luerint
548 2026 609 2105 jam
632 2026 739 2086 frustra
752 2028 888 2105 quaesisse
902 2031 946 2089 vi·
1004 2032 1090 2103 1853,
1106 2054 1133 2111 p.
1153 2055 1184 2110 9,
1208 2030 1381 2108 Ueberweg,
1409 2035 1478 2090 iiber
1500 2037 1547 2090 die
1571 2034 1705 2091 Ecbrheit
1722 2041 1782 2093 und

170 2120 276 2178 dentur
285 2118 397 2195 antiqui
410 2114 579 2196 philosophi
591 2116 773 2193 interpretes
787 2115 854 2174 llaec
867 2119 945 2176 enim
1000 2120 1141 2197 Zeitsolge
1160 2123 1354 2197 platonischer
1374 2120 1525 2193 Schriften,
1547 2120 1642 2193 wien,
1658 2142 1688 2200 p.
1714 2124 1778 2193 153,

170 2207 298 2266 adhunc
316 2207 413 2265 locum
434 2204 592 2283 adscripsit
609 2202 737 2261 loannes
764 2203 946 2284 Philoponus
1000 2210 1098 2286 sum),
1123 2208 1178 2267 hoc
1193 2209 1270 2268 nihil
1294 2209 1329 2268 ael
1353 2210 1473 2267 alteram
1496 2210 1684 2286 questionem
1700 2212 1777 2284 facit,

172 2296 224 2355 iol.
240 2296 276 2354 50
289 2314 375 2354 verso
393 2316 399 2350 :
419 2293 552 2367 Ζητητέον
567 2292 594 2351 δὲ
606 2292 684 2359 τιοέας
702 2295 779 2353 καλεῖ
791 2293 946 2375 Διαιρέσεις,
1000 2297 1038 2355 rle
1052 2296 1201 2355 Aristoteli
1211 2297 1329 2373 inquam
1339 2296 1488 2373 adscripto
1509 2295 1599 2366 libro,
1614 2317 1700 2373 quem
1716 2300 1779 2357 sive

169 2386 196 2441 έν
216 2374 257 2451 αἷς
272 2381 418 2441 διατάττειν
431 2382 494 2463 φησὶ
504 2382 567 2460 περὶ
578 2380 676 2441 τούτων
692 2382 737 2441 τὀν
754 2382 898 2445 Πλάτωνα.
914 2383 946 2443 ‘0
1000 2397 1092 2443 totum
1108 2384 1223 2449 siveex
1245 2396 1327 2461 parte
1343 2383 1474 2441 Platonis
1497 2383 1660 2443 divisiones
1682 2386 1777 2445 conti-

169 2470 217 2547 μέν
241 2461 286 2529 ndu
307 2470 436 2548 ἐξηγητής
457 2468 624 2549 Ἀλᾶανδρας
646 2468 718 2547 λέγει
735 2470 783 2539 τάς
802 2472 946 2553 φερομένας
1001 2482 1116 2529 nentem
1131 2468 1205 2529 vitis
1221 2470 1461 2549 philosophorum
1484 2471 1609 2529 inseruit
1630 2472 1777 2548 Diogenes

170 2560 313 2627 Πλάτωνος
339 2560 489 2638 Διαιρέσεις
517 2557 674 2618 νοθεάεσθαι·
694 2561 709 2615 δ
724 2559 746 2617 δ’
766 2557 946 2637 Ἀριστοτέλης
1003 2558 1145 2617 laertius.
1160 2559 1217 2628 Qui
1230 2558 1348 2635 quidem
1360 2558 1436 2616 liber
1448 2558 1529 2616 abeo
1540 2579 1600 2618 non
1610 2560 1779 2620 videturdi·

97 2652 108 2668 ⁸
168 2648 340 2728 (φησὶ)τιερ“ι
356 2647 445 2705 sitris
460 2647 632 2726 τῷΣοφιστῇ
649 2650 687 2726 τῷ
703 2645 817 2726 διαλόγῳ
837 2648 945 2726 εἰρημέ-
1001 2666 1103 2704 versus
1122 2645 1211 2704 luisse
1225 2666 1311 2722 quem
1326 2646 1546 2724 supposititium
1560 2646 1620 2723 jum
1634 2647 1776 2707 habuerat

169 2759 219 2793 νων
242 2735 331 2813 λέγει,
355 2730 494 2812 διαιρέσεις
513 2734 601 2791 καλῶν
622 2731 656 2790 τδι
679 2734 706 2791 έν
728 2732 830 2813 έκεένιρ.
847 2733 945 2795 Ἰστέον
1002 2732 1178 2804 Alexander,
1191 2732 1305 2791 Joanne
1316 2732 1483 2809 Philopono
1494 2744 1574 2789 teste.
1586 2731 1780 2793 lnindicibus

170 2823 198 2883 δέ
212 2822 252 2881 δτι
270 2826 375 2902 πρῶτον
391 2821 439 2899 μὲν
457 2819 603 2900 Διαιρέσεις
617 2819 760 2888 Πλάτωνος
774 2821 840 2889 ὅλως
859 2824 946 2901 έπιγα-
1001 2823 1101 2900 plures
1120 2834 1188 2881 sunt
1202 2820 1280 2879 tituli
1294 2820 1346 2897 qui
1361 2819 1419 2877 huc
1430 2818 1536 2877 referri
1550 2833 1683 2897 possunt.
1699 2822 1777 2879 Prae·

169 2909 322 2991 γραμμέναι
351 2911 382 2968 οὔ
408 2908 540 2991 φέρονται·
569 2911 596 2967 ἐν
622 2908 649 2967 dl
671 2912 709 2989 τῷ
732 2909 849 2993 Σοφιστῇ
875 2914 948 2973 σθδέν
1001 2922 1046 2968 ter
1071 2907 1216 2987 Διαιρέσεις
1248 2906 1277 2976 ιζ’
1302 2906 1381 2964 enim
1408 2905 1487 2985 apud
1501 2906 1663 2983 Diogenem
1688 2906 1779 2967 Laer-

170 2997 291 3077 φαένιται
303 3001 419 3057 τοιοῦτον
436 3000 452 3055 θ
471 2996 587 3059 Πλάτων
610 2995 695 3073 λέγων
716 2986 770 3057 οἷον
785 2996 888 3077 εἴρηται
903 3001 947 3057 ἐν·
1000 2999 1074 3057 tium
1096 2996 1185 3077 (θα),
1198 2996 1387 3055 nominantur
1408 2992 1553 3073 Διαιρέσεις
1582 2996 1732 3075 σοφιστικαὶ
1755 2996 1777 3055 δ’

169 3090 262 3145 ταῦθα·
277 3087 335 3147 otti
356 3086 426 3146 ἔστιν
441 3089 526 3165 ιθριῑν
543 3106 603 3143 τινα
618 3087 698 3145 αὐτοῦ
712 3086 809 3165 (αὑτοῦ
823 3090 945 3165 corrig.)
1002 3086 1109 3163 (Diog.
1126 3106 1175 3161 29.
1192 3087 1249 3143 An.
1263 3084 1317 3161 29)
1335 3082 1507 3161 Διαιρετικῶν
1526 3080 1551 3139 α’
1566 3082 1619 3160 (D.
1633 3087 1667 3141 L.
1683 3085 1718 3151 43
1729 3088 1738 3160 l
1751 3099 1780 3143 et

169 3173 246 3243 δόξαν
272 3173 398 3245 τοιαύτην
423 3173 503 3233 αθτδν
523 3172 697 3250 ἐντιθέμενον·
717 3173 785 3245 θλως
809 3175 861 3255 γδιρ
888 3177 946 3237 οὐδὲ
1004 3172 1169 3255 Διαιρετικὸν
1187 3174 1211 3231 α’
1227 3173 1280 3251 (D.
1297 3171 1332 3233 L.
1352 3172 1421 3249 62).
1437 3170 1581 3243 Primum,
1594 3181 1636 3231 ut·
1647 3170 1777 3246 videtur,

167 3263 293 3343 περὶτῶν
307 3261 432 3321 τοιαθέων
446 3261 516 3321 έστλν
532 3262 605 3342 αθτῷ
619 3262 717 3330 σκωιδς
729 3265 784 3323 ἐκεῖ
802 3266 946 3346 διαλεχθῇ·
1001 3265 1118 3323 titulum
1150 3273 1302 3322 recensent
1321 3259 1446 3335 catalogi
1468 3258 1578 3318 arabici
1602 3259 1779 3335 (Dschema·

168 3372 222 3422 ναι,
240 3349 310 3421 πλὴν
327 3348 370 3409 det
383 3354 442 3409 καθ’
455 3349 578 3429 ἱστορίαν
585 3351 724 3463 διαφθροος
739 3352 815 3422 δόξας
826 3358 943 3430 φυσικῶν
1000 3352 1062 3411 lud.
1086 3354 1135 3423 51,
1151 3350 1277 3409 liadschi
1299 3348 1414 3420 lihaiia,
1430 3346 1465 3418 V,
1490 3348 1544 3405 136
1555 3348 1579 3422 ),
1594 3347 1692 3409 addita
1705 3348 1780 3405 divi·

168 3439 269 3519 ἀνδρῶν
283 3436 424 3498 έιιτέθεται.
445 3437 614 3498 Ἀταδεκτέον
640 3460 684 3497 ουν
707 3441 807 3514 μᾶλλον
821 3439 886 3523 ὅπερ
903 3466 947 3501 τε·
1001 3440 1118 3500 sionum
1149 3436 1381 3509 enumeratione,
1406 3456 1471 3513 quae
1499 3435 1554 3493 nisi
1581 3435 1660 3513 quod
1686 3436 1777 3493 multo

166 3527 285 3585 λωταῖον
312 3525 484 3605 προστίθησιν
505 3530 519 3586 δ
540 3524 726 3605 Ἀλέξανδρος,
750 3528 858 3609 φάσκων
886 3529 946 3607 περὶ
1001 3530 1099 3588 minor
1108 3541 1152 3586 est
1160 3546 1258 3585 earum
1270 3543 1420 3595 numerus,
1433 3526 1503 3583 satis
1514 3524 1589 3582 bene
1600 3542 1666 3582 cum
1677 3521 1779 3581 libello

168 3617 221 3671 τῶν
242 3612 367 3690 ἀγράφων
392 3613 531 3691 δογμάτων
554 3622 600 3675 τοῦ
619 3615 765 3683 Πλάτωνος
790 3615 875 3694 λέγειν
901 3615 945 3675 τὸν
1000 3615 1078 3695 apud
1093 3616 1249 3692 Diogenem
1270 3612 1416 3671 Laertium
1434 3624 1549 3670 servato
1564 3610 1711 3687 congruit.

169 3700 363 3778 Ἀριστοτέλην,
375 3698 444 3781 άπερ
459 3703 535 3768 αὐτὸς
548 3703 734 3784 ἀπεγράψατο,
743 3705 789 3763 καὶ
801 3710 886 3763 ταῦτα
899 3728 946 3763 κα·
1042 3703 1090 3761 llli
1115 3716 1210 3761 autem
1243 3700 1410 3759 collectioni
1432 3721 1497 3778 quae
1517 3699 1595 3779 apud
1619 3700 1777 3775 Diogenem

167 3790 222 3847 λαῖν
236 3785 391 3865 Διαιρέσεις·
411 3790 437 3845 έν
451 3787 556 3855 έκαένοις
570 3788 684 3849 τσίνυνθ
701 3791 818 3851 Πλάτων
827 3792 858 3851 τθ
877 3792 946 3870 μέγα
1001 3789 1152 3849 Laertittm
1166 3803 1269 3861 exstat,
1283 3789 1353 3849 satis
1376 3787 1482 3847 similis
1503 3800 1547 3847 est
1570 3786 1656 3865 liber,
1675 3789 1779 3870 Διαιρέ-

168 3875 213 3935 ιιαδ
225 3874 319 3954 μικρδν
332 3874 420 3933 καὶτὸ
435 3874 534 3953 μεταξὺ
547 3874 646 3935 τούτων
656 3878 818 3939 ὑποτίθεται.
1001 3900 1054 3945 σεις
1069 3875 1260 3957 Ἀριστοτέλους
1279 3876 1457 3953 inscriptus,
1473 3876 1526 3954 qui
1553 3876 1585 3934 in
1606 3877 1707 3934 eodem
1726 3877 1778 3935 illo

209 3963 277 4021 llaec
298 3982 370 4021 vero
384 3962 437 4021 vix
457 3963 495 4020 eli
512 3963 678 4022 Alexandro
691 3964 752 4024 dici
770 3979 942 4045 potuerunt,
1000 3966 1101 4025 codiee
1115 3964 1262 4023 lllarciano
1278 3964 1334 4037 257
1354 3964 1472 4039 legitur,
1494 3964 1602 4041 inquo
1621 3978 1649 4022 et
1664 3966 1779 4024 Aristo·

166 4070 258 4127 quum
283 4053 340 4109 trie
359 4051 411 4109 illa
437 4050 580 4109 elementa
601 4052 751 4125 Platonis,
776 4053 943 4131 dequibus
1001 4056 1067 4113 telis
1085 4054 1152 4112 vita
1171 4074 1236 4132 quae
1254 4053 1344 4128 vulgo
1364 4050 1512 4109 lllarciana
1526 4051 1690 4130 appelletur
1713 4071 1777 4109 ser-

167 4137 491 4217 loquiturAristoteles,
503 4158 590 4217 aqua,
606 4140 722 4215 igniret
733 4154 813 4201 terra
821 4143 890 4213 sint,
905 4144 946 4202 ita
999 4156 1131 4203 vataest.
1151 4141 1228 4201 Satis
1243 4142 1350 4199 mitum
1371 4153 1415 4199 est
1429 4140 1503 4198 illud
1519 4140 1626 4215 fugisse
1640 4139 1777 4197 Villoiso-

167 4239 200 4285 ut
212 4227 331 4285 leuasse
345 4228 385 4286 ita
399 4228 582 4286 statuendum
593 4229 643 4301 sit,
660 4230 857 4289 Alexandrum
871 4230 944 4289 illud
999 4251 1069 4291 num
1094 4230 1200 4288 Anecd.
1217 4249 1258 4305 gr.
1275 4243 1295 4287 t.
1317 4228 1357 4303 ll,
1381 4248 1411 4307 p.
1430 4227 1500 4299 254,
1516 4227 1567 4304 qui
1586 4246 1675 4304 quum
1705 4227 1779 4287 male

168 4316 368 4374 tantummodo
382 4316 513 4375 dixisse:
528 4315 581 4375 has
592 4314 739 4396 Διαιρέσεις
745 4319 822 4378 inter
836 4316 943 4399 άγραφα
998 4332 1113 4399 putaret
1128 4319 1178 4377 has
1190 4317 1381 4377 divisionese
1395 4316 1488 4375 variis
1502 4314 1666 4373 Aristotelis
1679 4316 1776 4393 operi·

168 4402 287 4479 δόγματα
304 4404 404 4476 luisse,
428 4417 523 4464 cetera
542 4424 614 4464 vero
631 4406 727 4484 ipsum
747 4408 943 4485 Philoponum
998 4406 1054 4467 bus
1071 4418 1221 4485 excerptas
1236 4424 1317 4477 esse,
1333 4416 1409 4463 recte
1426 4417 1522 4462 tamen
1537 4402 1611 4461 illud
1636 4403 1773 4461 animad-

168 4508 204 4547 ex
214 4491 274 4549 alio
285 4491 349 4550 loco
360 4492 461 4551 hausta
471 4492 629 4555 addidisse.
642 4492 764 4553 Easdem
781 4493 944 4554 divisiones
997 4496 1088 4554 vertit
1117 4493 1249 4572 quasdam
1277 4491 1387 4567 adjecta
1415 4510 1477 4550 esse
1506 4490 1561 4566 (cl.
1587 4510 1653 4569 quae
1672 4490 1707 4549 de
1730 4509 1777 4549 en·

95 4582 98 4588 '
167 4578 275 4639 iterum
297 4592 414 4656 tangere
439 4581 556 4640 videtur
584 4580 779 4661 philosophus
805 4582 837 4640 in
855 4583 943 4641 Meta·
998 4583 1072 4659 gelis
1097 4582 1236 4641 dicuntur
1258 4582 1296 4649 64
1310 4582 1333 4659 J,
1361 4580 1469 4658 quibus
1493 4578 1603 4639 librum
1628 4599 1687 4637 non
1714 4598 1776 4637 esse

167 4664 254 4745 phys.
270 4667 376 4745 lll,11‚
394 4690 410 4741 7
428 4692 435 4728 :
451 4667 495 4728 Τδι
513 4666 562 4746 μέν
577 4669 611 4740 δὴ
625 4666 693 4727 οθτω
708 4666 814 4748 λέγεται
827 4670 943 4750 πρότερα
999 4669 1165 4753 Aristotelis
1199 4668 1458 4729 demonstraretur.
1482 4667 1549 4727 Tali
1586 4688 1657 4727 vero
1692 4686 1776 4742 argu·

167 4860 240 4909 etiam
256 4876 312 4924 que
324 4863 388 4925 apud
400 4866 537 4926 geometras
545 4864 635 4914 dicitur
650 4862 824 4928 longitudinem
838 4863 943 4925 mpure
1000 4865 1156 4929 egetmetris
1169 4864 1257 4915 dicun
1274 4864 1401 4928 longitudo
1417 4868 1455 4915 est
1472 4877 1561 4928 expers
1575 4862 1675 4923 alicujus
1686 4860 1773 4927 ¹latitu-

168 4946 260 5010 absque
270 4949 409 5013 latitudine,
426 4950 625 5015 quandoquidem
637 4964 670 5001 ex
684 4950 738 5013 Δία,
759 4964 816 5014 qne
833 4949 945 5001 rensibus
999 4952 1077 5015 dinis,
1093 4954 1135 5003 sed
1150 4952 1215 5016 quod
1228 4952 1320 5017 privata
1339 4952 1372 5004 sit
1389 4951 1454 5002 omni
1476 4949 1600 5001 latitudine
1617 4947 1701 5011 rquod
1718 4946 1772 5011 qui-

167 5040 302 5102 apparent,
319 5039 374 5091 lieet
389 5052 419 5091 σι
431 5054 493 5104 ’τινα
512 5054 562 5091 non
575 5047 634 5092 sunt
653 5040 776 5092 αιθθειιθιι
799 5041 943 5105 perspicere.
1000 5040 1056 5091 dem
1069 5054 1118 5091 non
1131 5040 1314 5093 demonstrarit.

166 5126 259 5176 verum
272 5129 388 5177 erratmt
402 5127 503 5179 tortasse
511 5128 643 5192 sophistice
656 5142 702 5180 nos
718 5128 827 5193 decipit.
842 5166 850 5179 .
865 5163 875 5179 .
892 5142 945 5193 pro-

168 5214 273 5277 positum
286 5217 367 5265 eutem
378 5218 431 5266 erat
452 5217 572 5269 aristoteli
582 5216 724 5280 ostendere,
736 5232 785 5269 uon
804 5218 870 5282 quod
887 5232 943 5281 οιιω
