4017 5984
249 424 308 483 tet

799 419 1047 483 ARISTOTELIS
1069 422 1317 485 FRAGMENTA.

246 552 294 631 μέν
318 550 361 611 iri
375 550 470 611 ,πάντα
493 550 528 609 τὰ
548 550 732 629 σημαινόμενα
754 556 799 610 ταῶ
828 551 914 631 ἔχειν,
938 553 1025 613 οὐκέτι
1051 559 1055 603 Ι
1080 554 1214 629 ἐκάλεσεν,
1231 560 1266 624 ὡς
1277 545 1369 633 οἶμαι,
1382 558 1421 616 διὸ
1431 556 1556 637 νεώτερον
1569 548 1602 633 ἦν
1612 558 1643 619 τδ
1653 566 1700 621 τοῦ
1714 558 1858 645 ἀδιαρόρου

246 640 338 717 μέντοι
352 641 398 699 καλ
412 639 456 697 ἐπὶ
468 637 554 697 πάντα
566 637 600 696 ri
614 639 729 697 ἐναντία·
740 640 858 721 ἀπωλείαρ
870 640 922 721 γὰρ
935 639 992 701 ἴσον
1005 648 1024 709 ἡ

244 728 380 809 στέρησις,
401 725 468 785 ῶστε
484 728 533 783 οὐκ
547 725 579 785 ἀν
602 731 648 785 τοῦ
663 734 747 786 κακοῦ
767 728 869 804 γένοιτο
887 729 1024 809 στέρησις,

243 815 284 874 ότι
296 816 363 893 μηδὲ
376 812 495 872 ἀπώλεια
510 820 592 872 κακοῦ
605 813 707 889 γένοιτο
722 813 753 873 ἀν
773 813 791 887 ἢ
814 815 945 897 βλαόεροῶ
964 818 1024 876 ἀλλ’

243 907 339 982 ἀγαθοῦ
357 903 374 974 ἢ
389 901 532 983 χρησίμου·
549 904 579 961 σθ
592 903 644 981 γδιρ
667 906 683 961 θ
700 904 777 964 νόσου
791 903 809 975 ἢ
825 906 916 972 πενίας
938 908 1025 965 ἀπαλ·

242 990 329 1068 λαγελς
345 988 433 1071 ῥηθείη
448 986 479 1046 ἀν
495 991 690 1067 ἀπεστερῆσθαι
702 988 808 1059 νόσουῆ
828 991 938 1067 πενίας,
955 991 1025 1051 ἀλλὰ
1051 996 1055 1097 γ

243 1080 343 1155 μᾶλλον
360 1082 395 1145 ὡς
408 1074 526 1155 ὖγείαςῆ
541 1076 655 1135 πλοότου
676 1077 835 1159 ἀφαιρεθείς,
851 1078 962 1157 Ἀγαθοῦ
977 1081 1025 1157 μὲν

241 1165 364 1245 στέρησις
378 1164 545 1244 ἡτυρλότης·
561 1164 657 1241 ἀγαθὸν
670 1166 749 1246 γὰρὴ
763 1165 832 1247 όψις·
842 1167 984 1247 ἀδιαφόρου
996 1166 1024 1226 δέ

241 1258 258 1323 ἡ
273 1254 418 1331 γυμνότης,
430 1252 569 1331 ἀδιάφορον
579 1252 630 1332 γὰρ
642 1252 673 1310 τό
683 1253 788 1329 ἱμάτιον
797 1254 843 1312 καὶ
854 1253 914 1315 οὗτε
928 1256 1024 1335 ἀγαθὸν

240 1341 299 1401 οὗτε
312 1342 402 1403 κακόν.
408 1341 457 1402 Διό
465 1340 700 1422 στέρησιςοθδεμία
710 1344 807 1420 ἀγαθὸν
814 1345 872 1400 ἀλλ’
878 1342 936 1414 ἤτοι
941 1342 1023 1403 κακδν

238 1429 475 1510 ῆάδιάφορον.Καλ
483 1428 620 1507 ἀγαθῶνδέ
629 1432 750 1509 στέρησις
758 1432 860 1506 γένοιτο
867 1430 899 1489 ἀν
906 1431 964 1504 ἤτοι
971 1434 1025 1490 τῶν

239 1520 345 1580 πόντων
359 1520 377 1592 ἢ
392 1522 443 1577 τῶν
455 1518 597 1580 πλείστων.
610 1516 730 1577 Ἧκιστα
742 1520 770 1577 δέ
785 1541 863 1599 φησιν
879 1518 1024 1597 'Aptero-

239 1605 318 1679 τέλη
329 1631 341 1674 ς
355 1612 406 1664 τῶν
416 1598 449 1665 ’ἐν
461 1609 494 1684 τῇ
506 1608 581 1685 ψυχῇ
597 1606 703 1683 ἀγαθῶν
718 1604 764 1664 καλ
776 1605 953 1686 προαιρέσεως
964 1608 1024 1685 typ-

240 1698 326 1772 μένων
340 1696 459 1774 γενέσθαι
471 1694 604 1773 στέρησιν·
619 1694 701 1761 οὐδεὶς
710 1695 761 1774 γδρ
776 1694 847 1769 λέγει
858 1695 1024 1767 δικαιοσύνης

242 1786 415 1863 ἐστερῆσθαι,
438 1784 484 1841 καλ
497 1789 513 1843 θ
526 1781 608 1841 εἰπὼν
628 1782 669 1843 ότι
682 1809 695 1836 ι
718 1782 870 1859 ἐπιστάμαν
883 1781 966 1850 οὐθεὶς
981 1784 1024 1863 ρέ·

241 1897 280 1953 ρει
304 1901 333 1946 ι,
350 1872 403 1930 ἀπὸ
424 1876 471 1943 τῆς
494 1875 575 1941 αὐτῆς
594 1870 693 1937 ἐννοίας
713 1871 815 1951 εἴρηκε.
841 1873 952 1931 Μᾶλλον
978 1862 1023 1931 οάν

238 1961 370 2032 πλούτου,
392 1959 482 2036 δόξης,
502 1964 597 2038 τιμῆς,
619 1959 815 2019 τῶντοιούτων
837 1957 883 2017 καλ
905 1959 1022 2037 μάλιστα

237 2054 291 2110 τῶν
314 2048 374 2129 περὶ
399 2048 447 2114 τδις
460 2047 566 2115 κτήσεις
586 2046 756 2123 καλουμένων
785 2050 891 2124 ἀγαθῶν
914 2046 979 2105 εἰσίν
993 2053 1022 2109 αί

238 2138 380 2217 στερήσεις·
395 2137 435 2194 διὸ
447 2136 493 2193 καί
505 2135 573 2195 ἐλεοι
595 2133 641 2193 καλ
653 2126 736 2193 οἶκτοι
749 2136 947 2195 ἐπακολουθοίσι
964 2135 1022 2201 ταῖς

237 2228 374 2289 πλείσταις
392 2225 555 2303 στερήσεσιν.
579 2249 592 2275 ν
610 2221 645 2282 ‘O
661 2221 753 2299 μέντοι
772 2222 953 2301 Ἀριστοτέλης
968 2226 1020 2282 τῶν

239 2318 356 2389 ουσικῶν
371 2312 522 2392 οτερήσεων
545 2315 589 2369 νῦν
603 2309 653 2380 τὴν
669 2309 801 2369 ἀντίθεσιν
821 2309 885 2388 πρδς
903 2311 953 2382 τὴν
967 2316 1019 2370 τῶν

237 2402 361 2462 ἐναντίων
372 2398 589 2480 παραόέόληκεν.
600 2398 681 2458 ’atii
692 2404 776 2457 ταῦτα
791 2398 839 2474 μὲν
857 2398 1015 2479 ἀρκούντως.

554 2570 569 2620 7
596 2547 702 2627 (150).

277 2696 336 2769 ld.,
360 2696 416 2769 ili,
441 2697 493 2756 fol.
513 2699 581 2768 103,
601 2694 636 2770 Ε,
661 2717 688 2774 p.
712 2698 760 2768 88,
778 2700 816 2773 Α,
834 2699 870 2755 32
895 2719 902 2753 ε
925 2700 1019 2757 Ταῦτα

236 2786 289 2851 τοῖς
301 2787 361 2865 περὶ
380 2787 433 2843 τῶν
444 2784 567 2843 ἐναντίων
583 2784 729 2865 εἰρημένοις
748 2786 904 2865 προστίθησι
963 2784 1021 2845 ἐστι

237 2871 264 2929 δὲ
288 2876 371 2929 ταῦτα
397 2870 437 2929 ότι
462 2876 500 2951 τῷ
524 2872 572 2950 μὲν
597 2875 688 2954 ἀγαθῷ
714 2873 796 2933 κκκθν
816 2874 920 2941 πόντιος
945 2875 1018 2932 ἔναν-

236 2959 302 3031 τίον,
315 2961 353 3037 τῷ
369 2958 397 3017 δέ
410 2966 486 3039 κακῶ
502 2961 566 3019 ποτὲ
582 2963 630 3038 μὲν
652 2963 746 3039 ἀγαθὸν
760 2963 823 3022 ποτὲ
837 2964 864 3021 δὲ
879 2962 961 3023 κακόν

237 3050 264 3104 ἐν
279 3047 306 3105 δὲ
327 3050 364 3125 τῷ
385 3048 447 3127 περλ
462 3048 660 3126 ’.ἀντικειμένων
683 3050 778 3131 βιόλίιμ
800 3050 946 3130 προσέθηκε
961 3055 1015 3118 τοῖς

236 3134 340 3211 τρόποις
356 3136 456 3202 τούτοις
473 3140 525 3193 τῶν
547 3136 724 3195 ἐναντιώσεων
749 3138 853 3195 καὶτὸν
871 3143 923 3197 τῶν
945 3138 1014 3216 μήτε

237 3226 340 3298 ἀγαθῶν
355 3224 422 3298 μήτε
443 3228 531 3282 κακῶν
544 3228 608 3305 πρὸς
624 3226 659 3282 τδι
672 3224 740 3301 μήτε
750 3226 837 3301 ἀγαθδι
849 3224 915 3301 μήτε
930 3226 1014 3300 κακό,

143 3332 145 3337 ’
237 3312 319 3378 οὕτως
334 3312 419 3390 λέγων
442 3313 472 3371 τὸ
487 3313 579 3373 λευκὸν
594 3318 631 3393 τῷ
652 3313 746 3391 μέλανι
770 3315 815 3372 καὶ
837 3314 868 3373 τδ
880 3313 962 3391 γλυκὺ
977 3319 1015 3397 τῷ

235 3404 321 3480 πικριῖι
331 3400 376 3458 καλ
387 3402 417 3459 τό
432 3398 476 3467 όξθ
497 3404 535 3479 τῷ
550 3405 626 3480 βαρεῖ
638 3402 683 3459 καὶ
697 3406 731 3479 τῇ
744 3403 845 3471 κινήσει
858 3401 906 3474 τλν
922 3404 1015 3461 στάσιν

235 3490 414 3547 ἐναντιοῦσθαι
503 3489 681 3570 Νικόστρατος
708 3492 736 3548 δὲ
761 3494 877 3549 αἰτιᾶται
894 3490 921 3548 ἓν
944 3490 1011 3565 μέν,

235 3576 275 3635 ότι
305 3580 404 3645 ἀτελῶς
430 3579 486 3658 ἔχει
517 3583 534 3648 ἡ
573 3583 624 3637 τῶν
655 3579 778 3639 ἐναντίων
804 3579 940 3659 διαίρεσις.
971 3582 1013 3639 (λθ

236 3668 287 3745 γὰρ
309 3668 470 3748 προσέθηκεν
497 3668 538 3727 ότι
559 3669 604 3728 καί
623 3670 763 3751 ἀδιάφορον
784 3670 919 3751 ἀδιαρόρῳ
942 3668 1014 3729 ἀντί-

235 3778 332 3814 κειται.
346 3754 436 3836 Ὅπερ
456 3759 484 3814 ἐν
497 3758 545 3830 μὲν
566 3761 604 3838 τῷ
624 3762 677 3817 τῶν
697 3758 895 3836 ’ἀντικειμένων
918 3759 1013 3838 βιόλίιρ

234 3842 393 3921 προσέθηκεν
414 3843 495 3904 εἰπὼν
511 3837 577 3904 εἶναί
593 3870 652 3905 τινα
671 3846 766 3926 τρόπον
790 3847 942 3915 ἀντιθέσεως
961 3850 1013 3907 τῶν

235 3928 303 4003 μήτε
316 3933 420 4008 ἀγαθῶν
435 3931 503 4008 μήτε
523 3939 613 3993 κακῶν
629 3935 692 4014 πρὸς
705 3934 738 3993 τόι
751 3934 818 4011 μήτε
842 3935 927 4014 erati
944 3934 1012 4011 μήτε

239 4018 327 4089 κακέ,
346 4023 382 4086 ὡς
399 4018 501 4100 εἴρηται
524 4022 661 4102 πρότερον.
678 4022 819 4102 ’λθιοίρορα
835 4023 863 4081 δὲ
885 4022 951 4083 αὐτδι
966 4025 1013 4082 οὗκ

232 4184 334 4234 deantur
350 4206 356 4235 :
371 4200 443 4236 nemo
454 4188 519 4237 enirn
532 4188 590 4237 dicit
601 4202 627 4238 se
636 4189 758 4252 privatum
769 4203 823 4241 esse
833 4190 924 4253 iustitia
937 4190 1012 4252 etqui

232 4272 295 4322 «linit
310 4292 323 4317 ε
335 4274 459 4324 sdentianr
467 4276 587 4326 neminem
600 4276 662 4327 terre
674 4298 687 4321 ν
698 4278 728 4327 de
737 4279 789 4341 ipsa
800 4280 933 4342 cognitione
941 4278 1011 4327 dixit.

234 4360 309 4423 magis
322 4362 393 4424 igitur
408 4362 560 4423 dinitiarum,
580 4364 663 4426 rann,
679 4366 777 4415 lionoris
787 4366 937 4417 ettatiumet
953 4380 1013 4430 prae·

233 4448 302 4511 cipue
320 4448 439 4501 bonorum
461 4464 517 4514 quie
538 4454 596 4502 sunt
613 4452 637 4502 in
658 4452 744 4517 opibus
769 4454 915 4517 privationes
935 4452 1012 4517 fiunt,

234 4549 310 4600 qrrare
326 4542 353 4587 et
375 4539 557 4589 tamentationes
578 4542 604 4591 et
625 4540 705 4591 iuetns
722 4542 849 4606 plerasque
868 4542 1014 4605 privationes

234 4630 422 4693 subsequuntur.
443 4632 584 4682 Aristoteles
602 4645 667 4682 nuno
685 4634 830 4683 naturalium
855 4633 1014 4697 privationum

233 4719 406 4782 oppositionem
417 4719 446 4768 ad
461 4720 636 4771 contrariorum
648 4723 776 4772 oonrertit.

612 4864 634 4913 7.

265 4979 325 5028 tino
339 4979 370 5028 iis
390 4994 445 5043 qum
462 4981 494 5031 de
512 4982 644 5032 contrariis
657 4982 722 5031 diota
741 4986 798 5033 sont
816 4984 928 5045 adierit...
945 4989 1012 5037 trono

234 5065 324 5114 matum
334 5065 485 5118 omnimodo
503 5069 650 5119 eontrarium
659 5082 722 5131 esse,
736 5069 801 5119 mato
820 5083 877 5121 roro
887 5070 1011 5122 modoino

234 5164 295 5201 num
301 5152 374 5203 ruodo
387 5153 507 5207 maium...
521 5159 549 5206 tn
560 5156 727 5207 librorerode
737 5158 870 5208 contrariis
883 5158 920 5208 tria
932 5160 1010 5210 modis

234 5238 429 5292 eontrarietatum
442 5243 529 5305 adjerit
543 5247 567 5293 et
579 5244 659 5307 titum,
674 5256 758 5296 eoram
777 5258 834 5309 que
850 5259 928 5309 noqrre
946 5246 1008 5297 born

1078 642 1176 720 ὄνομα,
1192 644 1266 723 παρὰ
1276 647 1326 702 τῶν
1340 646 1466 703 Στωικῶν
1481 645 1565 707 τεθέν.

1406 786 1548 803 Μ

1143 888 1200 962 lv.
1232 885 1422 963 SCRIPTA
1448 888 1711 967 RHETOtht
1738 892 1798 969 tr

1386 994 1556 1061 enarrer.

1248 1130 1270 1188 l.
1292 1128 1449 1188 't'tixttttm
1472 1130 1689 1191 Et'tttt'ttttt.

1121 1253 1279 1310 lllrctorum
1292 1252 1445 1311 historiam
1462 1254 1526 1312 sire
1539 1254 1740 1313 collectionem
1751 1259 1856 1316 artium

1078 1342 1224 1420 apriscis
1253 1340 1321 1399 inde
1349 1340 1514 1401 rhetoribus
1538 1342 1573 1401 ad
1597 1342 1735 1403 isocratis
1765 1364 1858 1423 usque
1916 1374 1919 1379 ·

1078 1444 1189 1489 aetatem
1207 1430 1244 1488 ab
1263 1428 1419 1489 Aristotele
1434 1430 1593 1506 conditam,
1609 1432 1728 1505 Cicero,
1742 1432 1857 1502 Quinti·

1079 1520 1176 1578 liamrs
1190 1520 1300 1597 aliique
1312 1532 1430 1579 norant.
1449 1519 1531 1579 Libri
1545 1521 1660 1579 titulum
1671 1521 1717 1580 bis
1730 1523 1858 1581 referunt

1079 1606 1192 1665 indices
1220 1628 1227 1663 ι
1252 1608 1361 1686 Τεχνῶν
1385 1606 1524 1685 συναγωγὴ
1550 1607 1575 1663 α’
1590 1608 1616 1686 β’
1641 1608 1726 1683 Diog.
1752 1608 1791 1671 L:
1806 1632 1854 1683 77,

1079 1694 1177 1753 Arion.
1200 1695 1250 1765 6ο,
1266 1706 1295 1752 et
1308 1693 1376 1765 ἄλλη
1391 1696 1500 1772 Τεχνῶν
1525 1696 1665 1775 συναγωγή
1687 1696 1712 1754 α’
1723 1697 1747 1775 β’
1770 1699 1856 1774 Diog.

1078 1782 1112 1843 L.
1131 1783 1178 1842 80.
1195 1780 1326 1840 Eundem
1340 1782 1405 1841 sine
1418 1782 1510 1842 dubio
1519 1783 1630 1842 librum
1646 1783 1792 1862 Ἐπιτομὴν
1803 1790 1855 1844 τῶν

1078 1869 1194 1950 ρητόρων
1216 1871 1347 1929 nominat
1362 1872 1439 1948 apud
1456 1871 1616 1949 Diogenem
1633 1872 1778 1932 Laertium
1799 1876 1855 1933 De-

1078 1958 1199 2017 metrius
1213 1958 1346 2035 Magnes,
1364 1959 1402 2017 cf.
1419 1959 1454 2019 ir.
1474 1961 1501 2021 3.

1408 2066 1536 2143 r(151).

1115 2166 1221 2224 Cicero
1238 2166 1273 2224 de
1287 2166 1471 2239 Inventione,
1489 2166 1534 2239 ll,
1556 2170 1615 2243 n,§
1631 2170 1647 2225 5
1666 2190 1672 2225 :
1694 2172 1782 2227 Nobis
1796 2192 1856 2226 orn-

1076 2263 1153 2312 rriunr
1167 2255 1450 2331 quicunqnefuerunt
1460 2258 1498 2311 ab
1510 2260 1609 2313 rrltr'nro
1618 2264 1756 2333 principio
1771 2260 1854 2330 liujus

1072 2341 1444 2423 preceptioni-(rhetorice
1451 2344 1528 2421 scil.)
1540 2364 1623 2419 usque
1631 2346 1725 2401 adhoc
1735 2360 1849 2422 tempus,

1074 2437 1211 2507 expositis
1221 2438 1325 2507 copiis,
1339 2435 1518 2507 quodcunque
1524 2434 1657 2507 placeret
1667 2438 1793 2508 eligendi
1801 2456 1853 2510 po-

1075 2532 1159 2576 testas
1171 2518 1243 2593 fuit.
1272 2525 1316 2576 Ac
1337 2534 1445 2578 veteres
1474 2523 1585 2601 quidem
1614 2529 1759 2597 scriptores
1785 2532 1854 2580 artis

1074 2630 1160 2685 ιονριιε
1177 2630 1197 2664 a
1211 2614 1342 2685 principe
1356 2612 1405 2665 illo
1421 2622 1506 2684 atque
1522 2615 1662 2667 inventore
1681 2612 1754 2665 tirio
1770 2632 1852 2687 repe-

1077 2702 1141 2752 titos
1152 2716 1236 2752 unum
1257 2702 1286 2753 in
1301 2700 1389 2753 locum
1409 2700 1546 2755 condierit
1559 2698 1755 2757 Anrsrorsnns
1766 2713 1794 2755 et
1806 2720 1854 2757 no·

1075 2790 1206 2841 rrrr'natim
1229 2793 1361 2859 cujusque
1379 2800 1543 2862 proecepta,
1573 2806 1680 2861 magna
1698 2796 1852 2863 conquirito

1073 2892 1141 2928 cunr
1146 2878 1290 2949 perspicue
1301 2880 1469 2950 conscripsit
1476 2888 1560 2949 atque
1569 2878 1693 2931 enodata
1701 2878 1854 2949 diligenter·

1072 2970 1200 3038 expernit
1217 2980 1230 3020 .·
1249 2984 1283 3019 ac
1303 2978 1411 3019 tantum
1434 2963 1618 3021 inventoribus
1634 2970 1702 3038 ipsis
1719 2972 1853 3021 suavitate

1071 3063 1101 3104 et
1123 3050 1256 3108 breuitate
1278 3053 1388 3107 dir-eradi
1407 3057 1555 3127 proestitit‚
1581 3065 1611 3107 ut
1635 3070 1716 3107 nemo
1741 3054 1851 3108 illorum

1067 3154 1214 3215 proecepta
1234 3160 1272 3195 ea·
1294 3146 1414 3215 ipsorum
1434 3142 1514 3196 libris
1532 3153 1694 3215 cognoscor,
1716 3142 1769 3195 scd
1789 3160 1850 3197 onr-

1070 3248 1132 3298 nes,
1153 3236 1204 3304 qni
1217 3233 1293 3304 quod
1303 3232 1349 3285 ilii
1360 3231 1570 3304 proecr'piebant
1582 3232 1672 3284 uelint
1685 3231 1850 3303 intelligere,

1070 3320 1111 3372 nd
1132 3318 1206 3373 Irrrnc
1232 3324 1315 3393 quasi
1335 3320 1376 3372 ad
1401 3320 1541 3392 quendam
1567 3320 1653 3373 multo
1677 3322 1849 3375 commodio-

1070 3425 1129 3461 rerrr
1143 3409 1345 3481 explicatorerrr
1360 3416 1540 3463 revertantur.

1110 3494 1145 3549 In
1161 3492 1246 3551 libris
1268 3491 1304 3549 de
1326 3491 1460 3564 Oratore,
1482 3489 1526 3563 ll,
1545 3492 1631 3569 38,§
1657 3496 1721 3564 160,
1744 3495 1786 3553 ita
1805 3497 1847 3553 lo·

1071 3582 1172 3658 quitur
1186 3581 1330 3639 Antonius
1349 3602 1355 3637 :
1371 3588 1462 3657 Atque
1474 3581 1846 3657 interituncilntsronrtnnnr‚

1068 3678 1148 3744 cujus
1159 3685 1186 3727 et
1207 3674 1284 3727 illurn
1300 3674 1357 3747 legi
1369 3670 1467 3726 librum
1482 3675 1578 3746 inquo
1593 3678 1724 3747 expremit
1739 3675 1848 3729 dicerni

1068 3774 1144 3815 ortes
1161 3765 1283 3817 omniurn
1299 3766 1487 3835 superiorum,
1507 3773 1538 3816 et
1551 3762 1614 3817 ilios
1631 3766 1660 3816 in
1679 3764 1776 3837 quibus
1789 3769 1849 3837 ipre

1067 3868 1118 3904 stra
1136 3850 1266 3922 quoedanr
1280 3850 1316 3904 de
1323 3848 1422 3903 eadem
1434 3861 1496 3903 arte
1506 3850 1589 3920 dixit,
1600 3862 1630 3905 et
1642 3850 1692 3905 hos
1699 3868 1848 3923 gerrrrarror

1067 3936 1149 4007 liujus
1176 3943 1246 3991 artis
1269 3942 1417 4009 magistros
1433 3936 1486 3993 lroc
1505 3936 1579 3993 mibi
1599 3944 1688 3993 uisum
1708 3944 1847 3994 retinerer·-

1067 4044 1136 4092 erre,
1151 4036 1206 4081 etc.

1068 4202 1146 4251 noque
1160 4188 1223 4239 mata
1236 4190 1294 4239 sunt
1307 4190 1392 4239 οοοῑτα
1404 4188 1443 4237 itta
1455 4201 1510 4252 quae
1523 4201 1600 4252 neque
1618 4189 1679 4239 trono
1694 4202 1771 4252 neque
1782 4189 1846 4240 mata

1067 4279 1137 4340 aunt,
1148 4276 1230 4347 ditans
1244 4276 1277 4327 ita
1290 4276 1372 4328 altrum
1384 4276 1466 4341 nigro,
1481 4275 1550 4325 dulce
1559 4288 1653 4337 amaro,
1669 4278 1765 4326 acutum
1778 4280 1843 4341 grmi

1066 4363 1186 4415 matrasta
1215 4376 1298 4415 essa...
1329 4364 1479 4415 Nicostratus
1503 4376 1560 4413 rero
1585 4376 1659 4413 unum
1691 4364 1748 4413 iliud
1774 4363 1842 4414 ineu-

1065 4456 1116 4515 sat,
1135 4453 1265 4515 perlectam
1284 4466 1332 4503 non
1352 4466 1406 4503 esse
1420 4450 1594 4502 contrariorum
1610 4450 1751 4503 divisionem
1769 4466 1843 4516 quum

1066 4552 1114 4589 non
1130 4538 1247 4591 addiderit
1261 4542 1305 4605 (ira
1322 4541 1464 4603 catenariis
1477 4540 1587 4601 seilicet)
1598 4536 1735 4591 indifferens
1748 4554 1844 4605 quoque

1066 4626 1210 4679 indiiierenti
1223 4628 1361 4693 oppositum
1374 4640 1436 4678 esse.
1451 4626 1521 4685 Quod
1531 4628 1612 4677 autem
1624 4626 1649 4677 in
1661 4626 1723 4677 libro
1737 4627 1768 4679 de
1777 4630 1841 4678 con·

1064 4716 1146 4767 trariis
1160 4716 1246 4779 adjecit
1262 4717 1344 4767 disens
1360 4730 1413 4765 esse
1430 4714 1551 4779 quendam
1569 4714 1668 4765 modum
1686 4716 1842 4781 oppositionis

1064 4816 1148 4855 aorrtm
1164 4818 1220 4867 quie
1241 4818 1319 4869 neque
1337 4805 1398 4855 bona
1414 4818 1492 4868 neque
1508 4805 1569 4856 maia
1594 4807 1650 4855 sunt
1667 4818 1724 4855 oum
1740 4805 1769 4855 iis
1786 4819 1842 4869 quar

1064 4903 1142 4955 neque
1162 4892 1224 4943 bona
1242 4904 1320 4955 neque
1331 4892 1392 4941 mala
1408 4893 1465 4941 sunt
1476 4894 1503 4941 ut
1522 4890 1666 4955 supradixi.
1680 4891 1841 4941 indifferentia

1064 4980 1145 5029 arrtem
1162 4992 1191 5031 ea
1203 4992 1252 5029 non
1264 4978 1391 5044 appellarit
1405 4982 1529 5043 propterea
1545 4977 1609 5044 qnod
1624 4992 1710 5029 nomen
1723 4979 1840 5029 terentius

1064 5071 1115 5120 erat
1125 5082 1140 5119 a
1151 5068 1237 5119 Stoicis
1250 5068 1382 5118 inventum.
