4017 5984
643 472 694 531 ua
714 470 1037 536 niuosoanonuu
1057 474 1265 537 noorarnls.
1622 460 1626 475 '
1714 480 1755 541 ss

153 620 209 694 μῶν
223 617 267 675 καί
290 620 341 676 τῶν
356 616 438 675 ὄντων
459 617 591 674 ἀπάντων
606 621 705 676 ἀτίθετο
720 618 832 678 Ηλάτων
855 620 927 681 τότε

153 705 179 766 ἰν
196 703 241 765 καί
255 705 303 776 τὴν
324 703 426 782 δυάδα,
444 707 479 772 ds<
499 706 594 772 ἕντοῖς
614 705 674 785 περί
694 705 819 783 τἈγαθοίί
843 707 925 789 Ἀρι-

153 791 313 865 στοτέλης
327 792 410 867 λέγει.
425 792 470 852 Cf.
491 793 531 850 lb.
548 794 597 869 95
613 796 642 863 3,
656 814 690 871 p.
703 795 759 869 63,
780 816 812 867 17
830 796 924 857 Bon:

157 875 190 931 lli
199 870 251 951 γθιρ
262 875 344 953 ἀρχαί
355 878 441 941 αὐτοῖς
453 873 498 933 ιιαί
509 876 594 934 αὐτῶν
605 879 657 936 τῶν
670 876 743 935 ἰδεῶν
756 876 820 935 εἰσίν
833 878 925 957 ἀρχαί.

158 959 249 1039 ’ἀρχαί
270 959 301 1019 δέ
313 964 364 1019 ἐἰσι
377 961 447 1020 τότε
466 962 494 1020 ἓν
507 962 551 1021 καί
567 968 585 1034 ἡ
602 963 720 1043 ἀόριστος
738 963 816 1041 lude,
829 969 864 1032 ὡς
878 966 929 1046 πρὸ

156 1049 244 1126 όλίγου
258 1072 287 1106 τε
301 1048 387 1131 εἴρηκε
409 1048 455 1107 καί
468 1050 605 1130 ἱστόρηκεν
621 1051 697 1119 αιἰτθς
708 1051 717 1130 l
725 1057 739 1111 ό
749 1053 928 1133 Ἀριστοτέλης

157 1136 238 1215 scil.)
250 1140 276 1196 ίν
287 1146 340 1205 τοῖς
351 1138 412 1218 περί
425 1137 562 1218 τἏγαθοῧ.

471 1319 498 1379 3·
520 1316 611 1397 tus-l

193 1487 236 1546 Ex
248 1488 412 1547 Alexandro
426 1500 455 1546 et
463 1488 645 1567 Porphyrim
653 1502 686 1547 ut
698 1491 755 1567 ipsi
771 1503 925 1563 testantur,

153 1596 232 1635 suam
248 1576 283 1634 (le
297 1576 350 1634 huc
361 1577 494 1634 doctrina
508 1578 596 1634 ceteri
610 1576 769 1635 hauserunt
782 1578 925 1635 Aristote-

153 1665 190 1723 lis
205 1665 376 1743 interpretes
388 1664 520 1722 notitiam
541 1684 548 1721 ι
567 1665 608 1722 ita
628 1664 797 1743 Simpliu'us
811 1666 843 1724 in
856 1667 923 1725 nri-

153 1767 218 1814 stot.
235 1754 351 1827 Physic.
365 1752 422 1825 bs
444 1753 464 1812 f.
479 1754 516 1809 ‘in
531 1772 617 1811 verso
632 1755 679 1829 (p.
697 1754 765 1825 334,
784 1754 817 1824 li,
839 1754 900 1831 οὔ)
918 1776 925 1810 :

153 1841 275 1917 Λέγειδδ
298 1844 311 1899 θ
334 1838 498 1918 Ἀλέξανδρος
520 1839 560 1897 ότι
582 1840 652 1898 κατὰ
674 1840 804 1900 [Ιλάτυινα
820 1838 925 1898 πάντων

139 1926 224 2010 ’ἀρχὴ
238 1929 282 1987 καί
299 1930 384 1987 αἰτῶν
402 1930 453 1985 τῶν
468 1928 543 1985 ἰδεῶν
557 1926 588 1985 τό
606 1950 635 1986 τε
648 1928 675 1985 έν
691 1930 746 1987 έστι
761 1928 838 1999 aeli,
854 1929 927 2007 ἀόρι·

152 2040 213 2085 στος
227 2016 302 2091 θυάς,
313 2016 346 2087 ἣν
364 2016 431 2092 μέγα
443 2014 489 2073 καί
505 2014 597 2092 μικρὸν
612 2014 717 2093 έλεγεν,
730 2016 820 2082 όιςιιαί
832 2020 859 2075 ἰν
874 2024 926 2082 τοῖς

151 2106 212 2185 περί
236 2106 360 2183 τἈγαθοῦ
385 2102 621 2183 Ἀριστοτέλης
646 2104 814 2180 μνημονεύει.
838 2104 925 2164 Λάόοι

151 2194 179 2253 δί
195 2196 226 2252 άν
243 2218 282 2260 τις
302 2191 347 2252 ιιαί
361 2192 433 2270 παρά
448 2191 621 2252 Σπευσίππου
635 2191 678 2251 καί
699 2192 771 2271 παρά
791 2192 925 2272 Ξενοκρά·

149 2305 210 2350 τους
224 2281 268 2341 καί
283 2283 335 2339 τῶν
347 2280 450 2356 ἀλλων,
463 2278 489 2337 οἰ
501 2276 674 2358 παρεγένοντο
687 2281 759 2359 ἀνιῇ
775 2279 833 2358 περὶ
845 2284 926 2359 τάγα·

152 2376 197 2430 tob
207 2378 252 2429 τοῦ
267 2368 411 2434 Πλάτωνος
425 2367 562 2446 ἀκροάσει·
577 2366 674 2435 πάντες
694 2367 745 2448 γάρ
759 2368 925 2449 συνέγραψαν

152 2458 197 2515 καί
216 2455 374 2516 διεσώσαντο
393 2454 442 2527 τὴν
457 2454 532 2524 δοἜαν
550 2456 629 2516 αὐτοῦ
653 2456 698 2515 καί
716 2456 826 2524 ταόταις
848 2458 925 2515 αὐτὸν

154 2548 246 2625 ἀρχαῖς
260 2548 375 2625 χρῆσθαι
387 2540 504 2620 λέγουσι.

191 2634 270 2692 Idem
284 2634 319 2691 ad
334 2630 389 2704 iii,
402 2640 432 2705 i,
444 2633 485 2691 ib.
497 2632 517 2692 i.
535 2641 684 2703 subverso
700 2634 739 2711 (p.
750 2633 819 2703 362,
832 2632 903 2711 Ᾰρρ)
916 2654 923 2690 :

150 2721 245 2803 ἰθρχάς
259 2721 309 2800 γάρ
323 2720 367 2779 ιιαί
377 2723 429 2777 τῶν
445 2722 575 2791 αἰσθητῶν
590 2720 620 2779 πθ
635 2718 661 2776 έν
681 2719 726 2777 καί
745 2720 794 2790 τὴν
805 2718 926 2799 ἀόριστόν

150 2832 214 2892 φασι
229 2810 312 2869 δυάδα
336 2807 422 2886 λέγειν
447 2806 491 2865 τὀν
515 2805 662 2885 Πλάτωνα,
682 2808 730 2878 τὴν
758 2808 785 2867 δὲ
806 2808 925 2886 ἀόριστον

151 2902 235 2960 δυάδα
249 2898 294 2958 aul
309 2902 335 2958 ἒν
353 2904 407 2962 τοῖς
419 2905 522 2968 νοητοῖς
532 2894 610 2963 τιθείς
623 2896 729 2974 ἄπειρον
743 2888 808 2954 εἰναι
820 2895 924 2974 έλεγεν·

42 3058 47 3070 ,
151 2988 197 3048 καί
207 2986 237 3048 τ“ο
253 2987 320 3066 μέγα
336 2984 363 3044 δὲ
378 2983 423 3043 καί
434 2983 464 3042 τίι
480 2983 570 3062 μικρὸν
582 2982 665 3063 ἀρχάς
675 2984 752 3049 τιθείς
766 2983 872 3063 ἀπειρον
887 2976 923 3042 εἰ·

151 3100 194 3134 ναι
209 3075 296 3152 ἔλεγεν
309 3077 334 3132 ἓν
347 3074 400 3140 τοῖς
413 3072 472 3153 περὶ
485 3074 603 3151 τάγαθόν·
618 3072 719 3148 λόγοις,
730 3062 767 3139 οἷς
783 3071 923 3151 θ’θριστο·

150 3160 228 3234 τέλης
246 3162 291 3221 καὶ
309 3159 483 3243 Ἡρακλείδης
503 3158 549 3218 aul
572 3159 702 3227 Ἑστιαῖος
716 3158 762 3218 καὶ
784 3160 860 3218 ἄλλοι
880 3167 924 3219 τοῦ

152 3251 295 3318 Πλάτωνος
306 3252 404 3331 ἑταῖροι
416 3248 624 3331 παραγενόμενοι
636 3247 820 3329 ἀπεγράψαντο
834 3244 867 3305 τά
881 3251 925 3322 ῥη·

152 3340 227 3399 θέντα
246 3340 453 3417 αἰνιγματωδῶς,
468 3341 503 3404 ῶς
522 3336 629 3417 ἐρρήθη.
643 3335 792 3418 Πορρόριος
806 3335 833 3394 δέ
851 3337 924 3416 διαρ·

151 3433 226 3507 θροῦν
238 3425 305 3485 siri
316 3425 545 3505 ἐπαγγελλόμενος,
554 3424 615 3483 τάδε
627 3424 687 3505 περὶ
701 3426 788 3482 αὐτῶν
796 3423 924 3503 γέγραρει

152 3521 178 3577 ἐν
193 3519 232 3598 τῷ
245 3517 359 3597 ‹billis›
374 3519 419 3595 (in
436 3516 644 3575 commentario
663 3514 725 3575 scil.
743 3516 775 3573 in
794 3514 925 3572 Platonis

151 3605 334 3681 Pltil'ebuml·
352 3632 365 3657 α
385 3605 469 3670 diro<
485 3604 514 3662 τὸ
529 3604 630 3681 μᾶλλον
642 3604 687 3661 καί
701 3604 731 3663 τ“ο
742 3597 820 3674 ἦττον
836 3601 881 3659 καί
895 3600 925 3659 τὸ

149 3805 196 3855 que
209 3791 273 3841 enim
285 3792 401 3853 quatenus
411 3789 458 3838 boe
469 3788 558 3851 aliquid
570 3793 615 3848 est,
629 3788 811 3839 determinatum
824 3787 925 3837 babetur

148 3880 239 3931 idciruo
252 3892 341 3941 unum,
355 3881 380 3929 et
395 3891 507 3940 magnum
523 3878 594 3940 alque
608 3889 708 3939 parrum
722 3874 857 3934 dualitatis,
869 3888 924 3939 quse

149 3968 175 4018 in
189 3966 297 4019 numeris
313 3964 423 4028 babetur,
441 3964 585 4014 elementum
600 3976 654 4013 esse
673 3961 776 4024 ridetur,
794 3964 819 4010 at
832 3962 924 4024 prinus

150 4068 265 4106 numerus
276 4028 314 4103 asl
328 4052 431 4103 dualitas
447 4072 453 4102 :
465 4052 518 4101 baso
529 4064 585 4115 ergo
599 4054 655 4099 sunt
665 4048 786 4098 dualitatis
797 4046 923 4099 elementa.

150 4146 227 4207 Atque
242 4142 275 4193 ob
290 4142 345 4192 latia
359 4140 455 4205 quidem
472 4141 539 4190 Plato
553 4153 627 4189 uuum
638 4140 663 4188 ei
681 4138 819 4188 dualitatem
840 4138 864 4187 et
879 4150 925 4185 nu·

151 4245 271 4283 merorum
290 4234 314 4281 et
331 4230 438 4280 omnium
457 4242 537 4278 rerum
551 4226 667 4291 principia
683 4239 736 4276 asse
752 4224 884 4287 statnelnl,
898 4228 925 4276 ut

150 4319 289 4369 Aristoteles
299 4318 371 4368 relert
383 4319 407 4367 iu
420 4316 486 4367 libris
501 4315 532 4365 de
543 4316 618 4366 Bono.

181 4409 241 4456 iiam
258 4407 371 4470 pdoetpia
382 4404 422 4455 lus
439 4406 545 4469 insanin
559 4416 654 4466 quoque
665 4402 772 4475 ideamm
790 4404 846 4452 aunt
861 4401 923 4465 prin·

151 4495 220 4559 ulpia.
238 4497 298 4546 Sunt
311 4508 370 4544 vero
382 4492 523 4557 principium
541 4494 652 4543 unumst
669 4490 772 4539 dualitas
788 4490 924 4551 indeltaitn,

151 4584 179 4631 nt
191 4582 262 4645 molo
272 4580 410 4642 antedixit,
428 4581 452 4629 et
462 4580 513 4641 ipse
522 4577 596 4628 reiert
610 4578 634 4628 iu
649 4578 717 4627 libris
729 4578 760 4626 da
773 4578 846 4625 bono.

523 4708 549 4753 3.

182 4838 315 4890 Alexander
322 4838 382 4888 dicit
398 4838 521 4888 Platonem
535 4838 648 4888 statuisse
661 4834 803 4901 principium
818 4834 925 4883 omnium

151 4931 175 4979 et
189 4930 294 4993 ipsarum
311 4925 417 4977 ideamm
435 4927 507 4977 etiam
526 4940 601 4976 unum
620 4928 645 4976 et
664 4923 811 4975 indetiuitam
826 4920 926 4971 dualita-

149 5016 214 5079 tem,
227 5028 298 5079 quam
312 5026 422 5078 maguum
440 5016 465 5064 et
482 5026 582 5077 parrum
604 5012 678 5070 dixit,
691 5024 735 5062 ceu
748 5009 888 5060 Aristoteles
900 5008 924 5057 iu

150 5102 220 5153 libris
232 5103 263 5153 de
275 5104 342 5153 Bono
355 5083 471 5153 meminit.
481 5101 528 5151 sed
544 5102 592 5151 boo
606 5102 725 5164 quispiam
735 5100 814 5163 potius
826 5094 926 5160 aucipim

150 5205 164 5241 a
175 5192 321 5256 Speusippo,
331 5193 464 5242 xenocrate
472 5192 497 5240 et
510 5188 578 5250 aliis,
591 5189 632 5252 qai
646 5188 804 5238 interfuerant
818 5183 924 5235 ludoni-

150 5280 195 5331 bus
207 5279 314 5332 Platonis
324 5280 355 5330 de
371 5282 446 5330 Βυιιο.
458 5282 519 5330 bam
533 5290 618 5329 omnes
627 5260 822 5340 eumeripsorunt
837 5274 862 5326 at
871 5286 923 5325 ser·

984 606 1083 687 σρόδρα
1097 608 1142 667 καί
1158 608 1187 667 τὸ
1207 606 1295 687 ἡρέμα
1308 613 1356 679 τῆς
1371 608 1480 690 ἀπείρου
1493 610 1594 689 φύσεως
1611 601 1677 670 elatu
1694 610 1756 691 βοό-

982 693 1069 753 λεται.
1091 693 1179 755 Ὅπου
1196 694 1248 776 γάρ
1263 694 1295 754 ἀν
1311 701 1396 755 ταῦτα
1420 699 1466 775 ἀνῇ
1486 698 1554 756 ιιατά
1569 698 1617 770 τὴν
1636 698 1757 758 ἐπίτασιν

983 782 1029 839 καί
1040 780 1126 841 οίνεαιν
1140 784 1276 863 προίόντα,
1290 785 1341 863 οὐχ
1350 780 1458 870 ἵσταται
1472 784 1530 845 οὐδέ
1545 786 1699 866 περαίνειτθ
1710 811 1758 861 με·

982 867 1059 946 τέχον
1073 871 1176 942 αὐτῶν,
1191 872 1258 931 ἀλλὰ
1272 874 1389 954 πρόεισιν
1403 875 1439 939 εἰς
1453 874 1482 933 τὸ
1491 880 1539 947 τῆς
1552 876 1672 955 ἀπειρίας
1687 876 1758 958 ἀόρι·

983 978 1055 1014 στον.
1071 954 1188 1033 Ὁμοίως
1200 959 1227 1017 δί
1240 960 1296 1039 έχει
1308 960 1353 1019 ιιαί
1371 960 1401 1021 τθ
1416 966 1503 1041 μεῖζον
1518 963 1563 1022 ιιιιί
1584 964 1614 1023 τὸ
1627 962 1754 1039 ἔλαττον,

984 1043 1029 1101 καί
1044 1043 1077 1103 τά
1098 1047 1152 1104 ἀντ’
1167 1050 1253 1107 αὐτῶν
1268 1048 1399 1127 λεγόμενα
1419 1050 1470 1111 θπθ
1484 1052 1627 1119 Πλάτωνος
1640 1051 1671 1111 τὸ
1688 1050 1757 1131 μέγα

982 1130 1028 1190 καί
1039 1132 1070 1189 τὸ
1082 1134 1185 1212 μικρόν.
1198 1134 1363 1196 Ὑποκείσθω
1373 1138 1423 1219 γάρ
1433 1163 1459 1199 τι
1471 1140 1578 1218 μέγεθος
1589 1140 1758 1221 πεπερασμί·

982 1242 1026 1278 νον
1040 1212 1093 1279 οἷον
1104 1226 1209 1302 πῆχυς,
1219 1216 1249 1283 οὗ
1263 1226 1325 1305 δίχα
1338 1228 1520 1305 διαιρεθέντος,
1535 1232 1557 1287 εἰ
1570 1228 1600 1287 τὸ
1612 1228 1660 1308 μέν
1671 1227 1757 1309 έτερον

982 1310 1107 1391 ἡμίπηχυ
1129 1312 1246 1388 ἄτμητον
1272 1316 1403 1392 ἐάσαιμεν,
1421 1318 1452 1376 τὸ
1478 1318 1504 1375 δί
1524 1318 1611 1397 ἕτερον
1634 1316 1757 1397 ἡμίπηχυ

982 1396 1119 1473 τέμνοντες
1134 1400 1204 1458 κατὰ
1219 1400 1305 1480 βραχὺ
1325 1404 1498 1483 προστίθεμεν
1519 1408 1557 1482 τῷ
1572 1402 1697 1483 ἀτμήτιρ,
1712 1404 1757 1463 δύο

983 1487 1016 1545 ἀν
1031 1486 1133 1565 γένοιτο
1155 1492 1194 1568 τῷ
1217 1488 1297 1569 πήχει
1312 1489 1399 1569 μέρη,
1414 1492 1445 1550 τὸ
1470 1490 1517 1568 μέν
1541 1491 1585 1551 tut
1604 1492 1634 1551 τθ
1648 1490 1757 1551 ἔλαττον

982 1574 1087 1655 προϊὸν,
1101 1575 1131 1634 τίι
1147 1575 1175 1635 δί
1195 1577 1238 1635 ist
1255 1578 1284 1635 τὸ
1299 1582 1386 1654 μεῖζον
1401 1578 1597 1649 ἀτελευτήτυις·
1613 1581 1642 1641 οὗ
1659 1579 1710 1659 tlt
1723 1581 1755 1638 ἀν

984 1664 1019 1725 εἰς
1033 1662 1179 1738 ἀδιαίρετόν
1187 1686 1217 1738 γε
1232 1665 1309 1743 μέρος
1324 1664 1387 1724 ποτέ
1402 1665 1520 1743 ἔλθοιμεν
1535 1666 1684 1744 τέμνοντες·
1695 1690 1758 1727 ουν-

983 1751 1042 1827 εχίς
1058 1748 1108 1827 γάρ
1122 1752 1192 1808 ἰστιν
1213 1755 1228 1809 θ
1243 1756 1341 1831 πῆχυς·
1355 1752 1426 1813 sbti
1445 1754 1550 1833 συνεχές
1571 1756 1708 1834 διαιρεῖται
1723 1743 1764 1823 εἰςΙ

984 1835 1025 1895 aial
1039 1837 1166 1915 διαιρετά.
1191 1837 1226 1899 ‘ll
1241 1838 1268 1897 δέ
1282 1840 1389 1913 τοιαύτη
1412 1842 1577 1909 ἀδιάλειπτος
1594 1844 1664 1919 τομὴ
1683 1844 1759 1915 δηλοῖ

981 1945 1040 1980 τινα
1059 1924 1135 2003 ρόσιν
1159 1924 1268 2005 ἀπείρου
1289 1928 1546 2004 κατακεκλεισμένην
1565 1932 1642 2009 ἀντῷ
1663 1930 1757 2011 πήχει.

983 2013 1093 2071 Μᾶλλον
1108 2011 1136 2070 δέ
1149 2012 1270 2089 πλείους,
1289 2013 1336 2087 vlu
1353 2014 1400 2091 μέν
1413 2016 1457 2073 ἐπὶ
1470 2015 1501 2073 τὸ
1521 2016 1590 2093 μέγα
1611 2016 1658 2086 τὴν
1672 2016 1699 2075 δέ
1714 2017 1758 2075 tat

981 2100 1012 2157 τό
1026 2100 1131 2177 μικρόν.
1146 2099 1193 2159 Ἐν
1209 2101 1310 2168 τούτοις
1325 2100 1351 2161 δέ
1364 2102 1410 2161 καί
1425 2107 1441 2174 ἡ
1458 2102 1576 2183 ἀόριστος
1588 2102 1651 2171 tul<
1664 2106 1759 2183 δρᾶται

981 2186 1011 2246 lx
1029 2210 1057 2246 τε
1069 2192 1116 2259 τῆς
1131 2188 1174 2247 tsi
1188 2188 1218 2248 τὸ
1233 2190 1300 2266 μέγα
1314 2190 1360 2249 καί
1375 2194 1422 2261 τῆς
1442 2192 1485 2251 ἰπί
1499 2192 1529 2251 τὸ
1541 2192 1632 2272 μικρὸν
1647 2194 1759 2269 μονάδος

983 2276 1141 2353 συγκειμένη
1151 2298 1158 2313 ·
1170 2274 1215 2335 καὶ
1228 2277 1341 2357 ὑπάρχει
1355 2284 1438 2337 ταῦτα
1452 2287 1504 2346 τοῖς
1522 2302 1551 2337 τε
1569 2279 1690 2359 συνεχέσι
1706 2279 1759 2341 σόν-

982 2386 1049 2439 μασι
1063 2363 1109 2421 ιιαί
1134 2372 1187 2429 τοῖς
1207 2366 1338 2444 ἀριθμοῖς·
1356 2364 1466 2444 ἀριθμὸς
1487 2364 1535 2441 μέν
1550 2365 1603 2447 γάρ
1622 2372 1725 2446 πρῶτος
1740 2372 1758 2439 ἡ

983 2450 1045 2517 δυάς
1061 2450 1159 2531 ἀρτιος.
1174 2450 1220 2511 Ἔν
1234 2450 1261 2511 δὲ
1276 2458 1309 2532 τῇ
1324 2452 1399 2533 φύσει
1413 2452 1562 2534 τοῦάρτίου
1576 2453 1647 2513 τότε
1663 2456 1758 2513 διπλά-

981 2562 1037 2599 σιον
1051 2544 1077 2599 ἰν
1099 2542 1232 2619 θπαροχῇ,
1254 2539 1283 2598 τδ
1297 2541 1324 2599 δί
1344 2540 1428 2617 ἥμισυ
1445 2544 1473 2601 έν
1492 2540 1620 2621 ἰλλείψει·
1640 2542 1757 2623 ὑπεροχὴ

980 2618 1026 2684 olle
1039 2626 1084 2685 ιιαί
1098 2626 1212 2707 ἔλλειψις
1231 2628 1310 2707 ἀντῷ
1332 2629 1429 2710 ἀρτίῳ·
1452 2634 1557 2709 πρῶτος
1571 2630 1597 2691 δέ
1623 2630 1711 2712 ἀρτιος
1729 2635 1757 2691 ἰν

982 2726 1103 2800 ἀριθμοῖς
1130 2728 1147 2793 ἡ
1168 2720 1247 2795 δυάς,
1275 2724 1343 2784 ἀλλά
1366 2730 1425 2783 καθ’
1448 2726 1530 2798 uba-lu
1554 2726 1602 2801 μέν
1624 2727 1757 2806 ἀόριστος·

981 2810 1079 2889 ὡρίσθη
1100 2811 1127 2871 δέ
1146 2815 1180 2887 τῇ
1199 2816 1247 2870 τοῦ
1262 2811 1317 2878 tut<
1334 2818 1452 2893 μετοχῇ·
1472 2811 1581 2892 ὥρισται
1595 2814 1647 2894 γάρ
1662 2820 1679 2885 ἡ
1697 2816 1759 2884 δυὰς

980 2898 1039 2956 καθ’
1053 2898 1114 2957 ὅσον
1129 2899 1156 2957 έν
1174 2922 1200 2957 τι
1215 2888 1280 2966 εἶδός
1295 2900 1361 2961 έοτι.
1379 2903 1505 2982 Στοιχεῖα
1520 2891 1564 2959 οἰίν
1579 2902 1624 2959 καί
1639 2905 1757 2982 ἀριθμῶν

980 2987 1011 3044 τίι
1023 2985 1050 3044 έν
1066 2986 1112 3045 καί
1132 2990 1149 3059 ἡ
1168 2985 1244 3059 δυάς,
1259 2987 1290 3047 τίι
1305 2986 1353 3065 μέν
1367 2993 1490 3069 περαῖνον
1503 2988 1550 3048 καί
1566 2990 1725 3065 εἰδοποιοῦν,
1740 2998 1757 3064 ἡ

983 3071 1011 3133 δέ
1024 3074 1144 3155 ἀόριστος
1159 3074 1206 3133 ιιαί
1218 3078 1246 3135 έν
1258 3079 1376 3157 θπεροχῇ
1391 3078 1437 3137 aul
1455 3081 1482 3136 ἰν
1495 3078 1621 3159 ἰλλείψει.
1636 3106 1649 3132 ν
1662 3082 1756 3155 Ταῦτα

980 3160 1157 3243 θΠορρόριος
1173 3152 1245 3223 εἶπεν
1266 3166 1334 3244 αὐτῇ
1353 3165 1446 3245 σχεδόν
1464 3170 1498 3246 τῇ
1516 3169 1546 3226 λε
1561 3189 1600 3239 ει,
1617 3169 1755 3249 διαρθροῦν

982 3250 1203 3330 ἰπαγγειλάμενος
1225 3249 1259 3309 τά
1288 3255 1315 3311 ἰν
1343 3256 1377 3331 τῇ
1406 3253 1466 3332 περί
1489 3253 1614 3332 τἈγαθοῦ
1635 3256 1757 3336 συνουσίᾳ

981 3338 1180 3415 αἰνιγματωδῶς
1196 3338 1306 3418 ρηθέντα
1315 3342 1379 3413 ‚aui
1394 3339 1457 3408 ἴσως
1473 3339 1514 3399 ότι
1527 3340 1656 3421 σόμρωνα
1672 3345 1758 3402 έιιεῖνα

980 3416 1013 3497 ἥν
1028 3434 1082 3492 τοῖς
1102 3428 1129 3485 έν
1144 3425 1260 3506 Φιλῆόῳ
1278 3427 1479 3507 γεγραμμένοις.
1494 3428 1549 3489 Καὶ
1564 3433 1579 3487 θ
1593 3429 1758 3511 Ἀλέξανδρος

980 3510 1009 3571 δέ
1025 3514 1069 3572 ιιαί
1083 3512 1159 3580 ιιιίτδς
1171 3516 1201 3572 ix
1214 3516 1265 3573 τῶν
1277 3515 1337 3594 περὶ
1350 3514 1476 3593 τίθγαθσῦ
1488 3515 1572 3595 λόγων
1585 3521 1630 3575 τοῦ
1644 3518 1757 3577 Πλάτω-

979 3623 1023 3668 νος
1037 3602 1171 3679 ὁμολογῶν
1180 3600 1275 3679 λέγειν,
1283 3601 1476 3683 οθςίστόρηοαν
1486 3601 1665 3676 Ἀριστοτέλης
1673 3627 1701 3661 τε
1712 3604 1757 3664 ιιαί

978 3787 1098 3835 naverunt
1116 3785 1251 3850 opinionem
1265 3787 1329 3848 ejus,
1351 3788 1374 3836 et
1392 3788 1475 3836 dieunt
1494 3787 1562 3837 illum
1581 3788 1619 3837 'nis
1637 3789 1757 3852 principiis

979 3886 1050 3923 usum
1061 3873 1144 3923 luisse.

1009 3962 1069 4011 tiam
1087 3960 1153 4011 aiunt
1171 3960 1294 4011 Platonem
1308 3962 1387 4012 dicere
1406 3962 1555 4013 sensibilium
1577 3963 1690 4026 principia
1704 3974 1757 4013 usse

978 4064 1053 4098 unum
1072 4052 1097 4099 ot
1114 4048 1230 4099 inlinitam
1254 4048 1405 4111 dualitatem,
1420 4050 1461 4100 sed
1482 4050 1597 4100 inlinitum
1620 4050 1756 4100 dualitatem

980 4136 1053 4186 etium
1069 4136 1093 4185 in
1109 4136 1292 4205 intelligibilibus
1304 4150 1395 4201 ponens
1409 4138 1524 4188 inlinitum
1541 4152 1594 4188 esse
1610 4137 1677 4187 uixit.
1696 4141 1756 4187 Item

979 4237 1090 4286 magnum
1111 4226 1135 4273 et
1155 4236 1254 4287 parrum
1269 4224 1383 4289 principia
1397 4238 1486 4289 ponens
1502 4224 1593 4276 inlinitu
1611 4238 1679 4285 esse,
1696 4224 1756 4273 dixit

979 4311 1003 4360 in
1017 4310 1168 4360 sermonibus
1185 4311 1309 4371 debono,
1324 4312 1413 4376 quibus
1431 4312 1587 4374 Aristoteles,
1602 4312 1739 4362 Heraclides
1748 4351 1760 4373 ,

978 4398 1098 4447 Hestiaeus
1110 4400 1134 4448 at
1151 4398 1190 4449 atii
1211 4400 1270 4449 socii
1288 4399 1395 4449 Platonis
1409 4414 1483 4463 quum
1504 4400 1681 4459 interluissant,
1694 4399 1757 4449 dictu

979 4485 1128 4549 anigmatioe
1145 4489 1172 4537 ut
1195 4484 1258 4537 dieta
1272 4490 1329 4537 sunt
1348 4486 1532 4551 descripserunt.
1549 4492 1580 4538 at
1595 4490 1754 4550 Porpttyrius.

979 4587 1053 4637 uuum
1064 4571 1176 4624 distinete
1188 4572 1240 4638 ipsa
1252 4574 1371 4638 proterat,
1387 4576 1438 4625 buo
1452 4575 1482 4626 de
1494 4576 1551 4640 ipsis
1563 4577 1657 4641 scripsit
1669 4578 1692 4625 iu
1703 4576 1756 4626 Phi-

979 4663 1033 4714 iebo
1048 4682 1055 4713 ι
1069 4684 1081 4707 ι
1100 4666 1155 4727 ipse
1165 4663 1241 4729 magis
1251 4648 1276 4714 el
1291 4664 1385 4726 minus,
1401 4666 1531 4715 rubunens
1547 4666 1689 4725 etsensim,
1702 4664 1754 4713 inti·

978 4750 1036 4799 nitte
1054 4753 1148 4799 naturas
1165 4763 1219 4800 esse
1237 4750 1298 4801 ruit.
1316 4754 1376 4801 liam
1397 4752 1438 4801 ubi
1457 4752 1510 4802 buc
1525 4752 1607 4801 insunt
1624 4750 1754 4801 secundum

979 4836 1136 4887 intensionem
1156 4841 1180 4887 et
1204 4837 1367 4889 remissionem
1392 4839 1542 4903 procedentis
1564 4852 1611 4888 uon
1638 4838 1755 4887 sistuntur

978 4936 1056 4985 neque
1069 4922 1197 4975 terminant
1210 4924 1232 4973 id
1250 4925 1313 4988 quod
1328 4926 1362 4976 eis
1377 4926 1512 4989 participat,
1526 4924 1567 4974 sed
1581 4923 1711 4987 procedunt
1728 4922 1754 4972 in

979 5010 1055 5073 ipsam
1068 5010 1237 5062 indelinitatem
1253 5012 1417 5062 inliuiludinis.
1433 5012 1544 5062 similiter
1561 5022 1657 5073 quoque
1674 5020 1700 5058 se
1712 5008 1753 5057 ln-

979 5097 1036 5148 bent
1050 5100 1126 5162 magis
1142 5102 1166 5150 et
1178 5100 1271 5161 miuus,
1287 5114 1342 5163 qum
1354 5102 1388 5149 sio
1406 5100 1468 5148 dicta
1485 5100 1516 5149 ab
1529 5099 1590 5149 eisa
1608 5098 1703 5146 Platone
1719 5098 1753 5145 di·

978 5188 1065 5236 euntarr
1080 5198 1192 5250 magnum
1211 5188 1235 5237 et
1248 5200 1357 5251 parrum.
1371 5190 1431 5237 tiam
1445 5188 1563 5236 statuatur
1578 5184 1688 5248 quedam
1701 5198 1751 5234 mn·

978 5272 1077 5337 pindo
1090 5272 1170 5337 linita,
1184 5286 1227 5326 σοιι
1243 5274 1366 5337 cubitalis,
1383 5286 1430 5338 qna
1447 5272 1543 5323 induas
1561 5277 1641 5338 partes
1660 5274 1751 5333 divisa,
