4017 5984
257 457 296 514 tit
790 456 1036 518 ARISTOTELIS
1057 458 1306 524 FRAGMENTA.

255 600 335 646 sente
354 601 471 648 auctore
488 589 617 665 dialogi,
640 593 678 647 ita
697 602 746 662 ut,
769 609 834 666 quac
852 609 869 648 e
886 590 1028 648 Cicerone
1081 597 1261 654 somniorum
1270 596 1347 675 apud
1357 595 1550 678 philosophos
1563 603 1711 663 mentione
1720 606 1861 686 loquitur,

255 689 411 735 tremuntur
426 676 480 756 (ei.
497 676 598 754 fragm.
612 676 674 756 66),
691 677 721 735 in
733 676 877 756 prooemio
892 678 1025 750 luissent,
1082 695 1115 741 ut
1125 683 1253 744 Socratis
1271 685 1303 745 in
1316 685 1439 746 Critone
1458 707 1491 766 p.
1507 697 1557 766 tt,
1573 702 1603 748 et
1615 689 1815 773 Xenophontis
1829 700 1861 756 in

254 763 333 838 quod
350 763 411 840 jem
431 764 501 821 oliui
524 762 645 824 Krische
666 766 687 822 l.
712 764 733 824 l.
753 785 783 843 p.
811 765 845 822 15
866 765 1029 846 suspicatus
1083 768 1217 848 Expedit.
1234 772 1376 850 cyrilti,
1399 795 1426 848 r,
1451 775 1571 854 11;lV,
1587 779 1616 852 3,
1633 780 1659 839 ll.
1677 781 1860 844 DeEudenro

253 863 325 910 eret.
346 851 417 920 Quae
442 864 538 910 tamen
560 853 659 911 omnia
683 853 764 911 nullo
785 853 855 912 setis
877 854 962 912 lirmo
984 873 1029 912 ar·
1084 859 1323 938 supradiximus.

254 951 389 1010 gumento
408 939 524 999 delendi
546 953 683 1018 possuut;
707 939 930 1019 haudquaquam
950 941 1028 1000 enim

253 1027 327 1086 illud
350 1027 449 1099 rideo,
472 1046 525 1086 cur
545 1046 604 1085 non
631 1032 661 1085 el
686 1025 813 1086 Eudemo
833 1027 894 1104 jam
915 1041 1031 1087 mortuo

253 1115 383 1192 dialogus
393 1115 495 1174 haberi
505 1115 635 1194 potuerit
648 1116 725 1173 iuter
734 1117 797 1189 ejus
811 1116 937 1188 amicos,
949 1119 988 1174 ita
999 1130 1032 1175 ut

254 1221 311 1260 non
324 1205 387 1280 ipsc
404 1202 519 1260 locutus
533 1200 582 1274 sit,
595 1200 645 1259 sed
657 1199 694 1260 de
705 1199 755 1258 illo
765 1212 794 1258 et
807 1201 843 1259 de
855 1214 1031 1279 praematurn

1412 1020 1534 1100 2·l⁶7·l

1128 1189 1355 1268 Deridl'roleg.
1367 1192 1494 1253 indrist.
1504 1194 1638 1272 (Integer.
1651 1218 1682 1276 p.
1696 1208 1747 1272 ni,
1760 1200 1795 1273 B,
1809 1221 1861 1260 νοτ

252 1290 315 1362 ejus
323 1302 415 1347 morte
426 1289 569 1346 sermonis
578 1289 696 1346 initium
707 1288 1032 1348 duceretur.Seddehis
1086 1279 1148 1337 Τῶν
1163 1277 1190 1335 δὲ
1212 1283 1431 1354 Μῖαγμᾰῐῑῑῦν
1450 1281 1462 1360 (
1469 1280 1579 1370 βῑόλὲων
1592 1289 1639 1342 τοῦ
1655 1283 1863 1367 brittonius)

252 1377 334 1435 varie
337 1375 464 1454 judicari
474 1387 576 1454 potest,
586 1374 744 1453 dijudicari
756 1395 828 1435 vero
841 1396 900 1434 non
911 1377 1029 1456 poterit.
1085 1364 1120 1423 ed
1135 1362 1182 1442 tiit
1197 1367 1262 1425 εἶσιν
1284 1367 1493 1447 timuerimus,
1509 1370 1526 1428 i
1545 1371 1591 1430 καὶ
1612 1373 1797 1452 ἅκροοματοιιλ
1815 1376 1863 1436 tt-

298 1463 399 1542 lpsum
425 1453 535 1539 dialogi
557 1478 757 1540 argumentum
783 1467 853 1524 satis
885 1465 1032 1523 illustrant
1084 1475 1185 1531 tttwh
1199 1453 1234 1514 ct
1252 1453 1280 1513 δῖ
1301 1454 1449 1536 imiimi,
1470 1455 1488 1515 ἃ
1511 1458 1557 1517 καὶ
1578 1457 1719 1540 limporis
1732 1460 1863 1540 λέγονται.

1088 1541 1141 1602 liei
1160 1544 1195 1608 ὣς
1212 1541 1260 1620 pulv
1273 1543 1466 1624 οὗτοσφόσωπα
1490 1547 1651 1607 durissimus
1671 1557 1726 1617 τοῖς
1748 1549 1861 1630 διαλογι·

1084 1631 1148 1702 κοῖς,
1160 1633 1195 1696 ὡς
1210 1627 1240 1688 di
1253 1630 1439 1711 dxpocpnxtxb
1454 1633 1613 1694 όντόιιεινται
1623 1639 1675 1702 τοῖς
1687 1635 1861 1718 ἐξωτερικοῖς.

252 1570 317 1627 quae
326 1570 361 1608 ex
372 1569 408 1609 eo
421 1564 535 1622 servate
546 1563 612 1609 sunt
622 1551 789 1628 fragmenta.

582 1707 607 1742 ¹¹
624 1686 701 1762 iffi)
1087 1716 1193 1784 Πάντας
1206 1715 1257 1798 ibt
1268 1717 1418 1798 ἀνθρώπους
1427 1721 1538 1800 doum
1551 1723 1707 1802 βουλόμενος
1718 1728 1732 1783 b
1743 1725 1862 1806 Ἀριστο-

290 1814 394 1874 (icero
407 1815 444 1874 de
456 1816 582 1874 Divinnt.
598 1817 617 1884 l,
639 1817 675 1876 25
692 1836 699 1875 :
717 1820 815 1890 Quill?
828 1820 966 1893 singulari
983 1825 1032 1873 pir
1085 1805 1162 1877 tibus
1183 1807 1281 1887 όγφαψι
1296 1806 1419 1890 καὶπρὸς
1429 1809 1489 1890 τοὺς
1502 1812 1661 1882 ἐπιτηδείους
1672 1818 1706 1894 τῇ
1724 1816 1864 1897 φιλοσοφίφ

251 1908 366 1976 ingenio
389 1907 551 1960 Aristoteles·
572 1917 602 1960 et
619 1925 706 1980 piene
728 1908 823 1961 diuino
841 1911 935 1980 ipsene
953 1919 1032 1962 errat
1085 1893 1219 1961 tioterici·
1230 1893 1417 1975 repperirem...
1430 1894 1552 1980 Ἐγφαψι
1565 1899 1593 1958 dl
1607 1900 1653 1959 καὶ
1666 1902 1731 1980 πρὸς
1743 1904 1865 1975 ἀνεπιτη-

251 2009 289 2044 nn
301 1993 372 2046 alios
387 1993 451 2046 uult
470 2011 572 2060 errare,
594 2013 677 2066 quum
699 1995 796 2052 scribit
808 1995 962 2048 Eudemum
974 1995 1030 2063 Cy·
1086 1981 1169 2050 δείους
1181 1984 1247 2063 πρὸς
1256 1983 1410 2064 φῑλῠσῡφῖα*
1423 1986 1457 2044 τὰ
1473 1989 1621 2064 &tibimi-
1639 1991 1694 2050 liti
1710 1994 1736 2049 lt
1751 1989 1798 2069 itit
1812 2000 1865 2060 τοῖς

250 2085 344 2152 pnicum
350 2077 532 2151 familiarem
548 2099 627 2134 suum
643 2086 697 2136 iter
708 2087 737 2136 in
757 2083 960 2137 Macedoniam
974 2078 1029 2151 su·
1088 2072 1296 2151 ἆκρυαμᾱῖῦῳῖς
1318 2071 1366 2130 ἅῒῑ
1397 2072 1430 2144 di,
1451 2074 1515 2154 πρὸς
1535 2077 1631 2154 ἄνδρας
1655 2077 1800 2153 μέλλοντας
1824 2103 1864 2160 pt·

249 2174 365 2225 cientem
378 2170 489 2225 Pheres
502 2173 628 2238 venisse,
649 2189 715 2243 quse
733 2169 799 2224 ertit
816 2170 882 2223 urhe
897 2174 927 2222 in
945 2169 1031 2223 Thes·
1065 2160 1208 2240 ιλοσθφοῖν
1228 2159 1411 2237 &tiliolum
1428 2166 1547 2230 mimi<
1572 2167 1809 2244 (ἅναγκαστυῑυῖς,
1835 2173 1863 2229 ἓν

248 2259 395 2312 relietum
409 2257 559 2310 admodum
575 2257 693 2323 nobilis,
709 2257 746 2310 ab
759 2255 925 2311 Alexandro
937 2266 1030 2309 autem
1087 2245 1114 2304 δὲ
1139 2250 1193 2313 τοῖς
1217 2245 1378 2325 όξωτιφυιοῖς
1406 2254 1524 2318 πιθανοῖς
1549 2251 1628 2330 conj.
1658 2253 1786 2334 lisand.)
1810 2257 1862 2317 κέ.

249 2329 369 2408 tyranno
385 2347 494 2400 crudeli
505 2339 651 2400 dominatu
665 2346 835 2402 tenebatur:
850 2349 880 2398 in
890 2363 923 2399 eo
943 2348 1031 2415 igitur
1083 2356 1182 2413 χφηται
1201 2334 1295 2414 λόγοις.
1311 2336 1524 2405 Κατασκευιὶζων
1539 2337 1567 2397 δὲ
1585 2339 1634 2412 τὴν
1659 2342 1802 2403 ἀθανασίαν
1816 2351 1864 2418 τῆς

248 2415 351 2508 oppidb
366 2437 408 2487 ita
422 2436 547 2504 graviter
565 2449 673 2507 sepum
696 2433 849 2486 Eudemum
857 2427 966 2500 fuisse,
998 2444 1031 2484 ut
1083 2423 1862 2513 ψυχῆςκᾶιτυῖςᾶκρυῦμυτῑκυῐςδόἀναγκοστικῶνλόγων

247 2538 342 2574 omnes
363 2520 466 2574 medici
494 2516 662 2593 diffiderent
683 2524 854 2574 :cinisum
881 2524 911 2573 in
937 2525 1030 2594 quiete
1084 2511 1292 2588 κατασκευάζον,
1320 2515 1347 2572 όν
1368 2510 1396 2570 dl
1419 2521 1474 2581 τοῖς
1500 2514 1656 2591 διολογιιιοίς
1679 2518 1723 2578 διὰ
1747 2525 1862 2580 πιθανῶν

247 2612 362 2679 egregia
368 2605 454 2676 secie
464 2611 594 2678 juvenem
603 2609 696 2662 dicere
705 2604 774 2676 sore
785 2619 816 2661 ut
824 2607 950 2682 perbrevi
962 2625 1028 2663 con·
1084 2598 1197 2664 εἰκότως·
1208 2599 1273 2678 quel
1284 2597 1336 2679 γὰρ
1350 2605 1376 2659 ir
1396 2603 1523 2682 τοῖςπερὶ
1543 2605 1644 2683 Ψυχῆς
1656 2610 1862 2686 ἂκροαμστικοῖς

247 2697 397 2750 valesceret
413 2699 568 2770 paucisque
590 2695 686 2749 dicitur
706 2699 875 2748 interiturum
897 2695 1027 2750 Alexim·
1085 2686 1136 2766 [de
1149 2687 1266 2759 Anime,
1281 2687 1313 2758 l,
1332 2689 1525 2768 t,13)....
1545 2694 1572 2750 lu
1588 2693 1616 2749 δὲ
1638 2696 1691 2760 τοῖς
1706 2695 1863 2772 διαλογινιοῖς

246 2785 328 2838 drum
349 2795 514 2854 tyrunmm,
540 2789 629 2858 ipsum
653 2794 746 2838 autem
763 2784 917 2838 Eudemum
940 2787 1026 2856 quin·
1082 2775 1160 2855 φησὶν
1176 2774 1271 2849 οὕτως,
1284 2775 1357 2847 beth
1374 2775 1449 2857 ψυχὴ
1463 2779 1603 2850 bibisset,
1622 2781 1712 2852 ἶπῑῑδὴ
1725 2785 1862 2863 αὐτοφυῶς

247 2875 370 2944 quennio
378 2881 443 2944 peu
453 2872 564 2926 domum
578 2871 741 2926 rediturum.
755 2873 845 2944 Atque
859 2875 898 2925 itu
911 2870 1023 2943 quidem
1081 2862 1176 2930 πόντος
1189 2864 1213 2921 oi
1227 2861 1358 2943 όνόριοιτοι
1377 2864 1422 2923 καὶ
1440 2864 1585 2944 σπένδομεν
1596 2868 1662 2948 χοὰς
1675 2877 1727 2937 τοῖς
1740 2895 1862 2951 κατοιχο-

244 2963 341 3033 prima
353 2965 445 3014 sentim
460 2961 555 3014 scribit
572 2961 733 3014 Aristoteles
746 2971 893 3014 consecuta
915 2969 944 3013 et
959 2977 1025 3012 cou-
1081 2948 1168 3030 μόνοις
1180 2950 1225 3009 καλ
1237 2950 1353 3029 ipsuum
1364 2953 1425 3011 κατ’
1441 2953 1544 3029 αότῶν,
1557 2956 1639 3022 οὐδεὶς
1653 2955 1680 3015 dl
1694 2961 1732 3037 τῷ
1751 2961 1861 3034 μηδαμῆ

248 3049 363 3102 valuisse
377 3047 529 3102 decedentum
550 3060 578 3102 et
591 3047 628 3101 ab
643 3052 738 3102 iccoris
748 3042 891 3116 fratribus
910 3042 1024 3111 enterse·
1082 3041 1213 3115 μηδαμῶς
1221 3039 1277 3098 ὄντι
1288 3040 1393 3100 σπόνδιι
1400 3042 1463 3100 ποτὶ
1475 3041 1593 3119 ἢόμνυσι
1606 3045 1666 3101 κατ’
1681 3047 1772 3107 αὐτοῦ.
1785 3046 1820 3106 ‘0
1834 3047 1862 3106 bl

247 3147 320 3190 ctum
328 3147 475 3204 trrannum
483 3154 495 3200 ,·
503 3139 598 3207 φαίνοιο
611 3145 703 3188 autem
714 3152 789 3187 anno
800 3144 925 3200 exeunte,
940 3153 1023 3207 quum
1082 3126 1249 3206 Ἀλέξανδρος
1262 3128 1346 3201 ἄλλην
1363 3131 1489 3211 διαφορὰν
1507 3131 1578 3208 λόγοι
1589 3135 1641 3188 τῶν
1657 3134 1860 3212 σἰιιφοαματικῶν

247 3235 319 3277 esset
328 3241 393 3296 spes
406 3240 443 3276 es
458 3222 621 3276 illosoumio
631 3225 659 3275 in
674 3221 798 3293 Cyprum
811 3223 891 3274 illum
904 3239 942 3274 ee
954 3221 1026 3274 Sici·
1084 3214 1148 3294 πρὸς
1164 3211 1195 3271 rb
1215 3214 1370 3293 διαλογυιλ,
1383 3214 1425 3274 ότι
1439 3219 1466 3275 όν
1481 3215 1529 3293 μὲν
1543 3225 1596 3285 τοῖς
1610 3218 1814 3295 ἀκροαματιαοῖς
1826 3222 1861 3281 τὰ

247 3312 287 3365 liu
300 3327 358 3365 esse
371 3310 534 3372 rediturum,
552 3295 732 3380 proeliantem
747 3305 1026 3378 eumudSyracusas
1081 3303 1207 3360 δοκοῦντα
1227 3302 1298 3381 αὐτῷ
1322 3301 1394 3378 λόγοι
1413 3303 1458 3362 καλ
1473 3303 1505 3363 τὰ
1520 3305 1622 3376 ἀληθῆ,
1641 3309 1667 3364 ἐν
1687 3306 1715 3365 δὲ
1730 3311 1784 3375 τοῖς
1803 3311 1860 3369 δια-

246 3399 395 3463 occidisse3
410 3415 447 3451 cr
461 3415 513 3470 qim
524 3401 564 3450 ita
585 3397 659 3450 illud
668 3402 805 3451 sorrentum
817 3415 875 3451 esse
890 3401 1023 3470 interpre·
1081 3391 1194 3468 λογικοῖς
1210 3390 1244 3450 ed
1258 3390 1346 3457 ἄλλοις
1359 3391 1533 3458 δοκοῦντο,τλ
1548 3395 1641 3473 ψευδῆ.
1652 3394 1733 3467 Ἀλλ’,
1753 3387 1860 3460 ὦἈλξ.

247 3497 334 3540 tntum
340 3525 349 3552 ,
367 3496 398 3538 ut
407 3503 489 3558 quum
502 3475 612 3538 artimus
630 3485 749 3540 Eudemi
767 3503 911 3558 ecorpore
930 3501 1023 3538 exces·
1081 3475 1189 3555 ξανδρε,
1205 3475 1277 3536 ἔστιν
1300 3480 1382 3537 clusis
1402 3479 1467 3559 πρὸς
1486 3479 1562 3540 αὐτὸν
1583 3480 1623 3540 ότι
1641 3485 1686 3542 οιίκ
1709 3485 1765 3544 ἔστι
1782 3493 1861 3546 τοῦτο

245 3578 328 3640 serit,
354 3585 410 3627 tum
422 3573 533 3627 domum
542 3576 684 3626 revertisse
697 3572 840 3630 videatur.
1078 3565 1228 3644 φιλοσόφου·
1243 3565 1273 3624 τό
1287 3566 1338 3646 γὰρ
1354 3569 1447 3646 ψεῦδος
1459 3569 1507 3644 p-lv
1519 3569 1633 3642 ἑλέσθαι,
1648 3573 1774 3653 siqnidem
1787 3576 1815 3634 δὲ
1830 3577 1860 3636 τὸ

286 3659 310 3717 F.
330 3660 395 3718 loco
408 3658 560 3718 Ciceronis
583 3659 645 3716 lraec
667 3658 817 3737 desumpta
833 3670 900 3717 sunt
917 3657 969 3716 ubi
984 3655 1020 3714 de
1078 3656 1171 3725 ἀληθὲς
1184 3656 1212 3713 οὗ
1224 3655 1337 3729 θεμιτόν·
1645 3680 1650 3690 =

1767 3805 1853 3819 --ae

1079 3876 1143 3924 Dicit
1152 3874 1216 3925 mim
1225 3874 1249 3924 in
1259 3875 1289 3924 iis
1297 3889 1353 3939 qus>
1360 3877 1391 3926 de
1399 3877 1650 3930 entmsacrosmaticc
1658 3882 1792 3945 conscripta
1801 3889 1858 3932 suut

554 3907 709 3956 tzt'nsttUS.

619 4045 643 4088 2.

276 4147 508 4211 syntagmatienrum
534 4161 591 4198 rem
612 4148 728 4198 librorum
751 4147 899 4210 Aristotelis,
918 4149 1019 4198 eliorum

247 4235 302 4286 talis
313 4238 351 4285 est
368 4235 427 4285 rullo
441 4239 468 4284 ut
481 4235 505 4284 in
521 4233 568 4284 illis
584 4236 680 4298 propris
693 4249 795 4300 persone
815 4237 925 4298 loquetur
942 4235 1018 4298 philo·

247 4321 355 4385 sophus,
368 4321 408 4384 qui
420 4327 445 4371 et
457 4321 607 4372 aeruametici
625 4325 748 4384 vocentur,
762 4322 800 4372 stii
813 4335 871 4372 rem
882 4325 937 4370 sunt
947 4320 1021 4371 disto·

245 4410 304 4470 pici.
317 4408 357 4471 qul
370 4411 395 4458 et
407 4407 521 4457 neoterici
533 4407 653 4457 dicuntur.
665 4411 696 4458 nt
707 4413 733 4458 ut
743 4409 760 4457 ii
769 4408 794 4458 in
806 4407 893 4470 quibus
904 4421 918 4457 e
928 4409 1023 4472 proprie

249 4509 350 4560 persone
369 4495 483 4559 loquitur,
500 4495 601 4558 oppositi
622 4498 678 4546 sunt
694 4492 807 4557 dialogice
822 4495 899 4543 torma
915 4494 1022 4542 couscri-

250 4573 308 4636 ptis,
329 4573 362 4623 itt
376 4572 526 4623 scrmmetiei
548 4573 683 4624 exotericis.
699 4575 779 4630 Quum
802 4571 865 4620 enim
879 4583 963 4620 omnes
976 4570 1022 4619 ho-

245 4651 321 4701 mines
329 4650 414 4712 iuvere
423 4650 494 4701 vellet
503 4651 653 4712 Aristoteles,
662 4652 757 4714 propria
766 4662 867 4712 persone
884 4649 914 4698 iis
927 4649 1023 4712 scripsit

245 4741 285 4801 qui
295 4738 325 4788 sd
334 4737 508 4802 philosophiam
520 4737 599 4789 idonei
612 4742 697 4788 sunt...
718 4737 813 4801 scripsit
827 4749 883 4788 vero
895 4736 1023 4800 diulogicos

246 4832 271 4877 et
284 4829 309 4876 in
322 4826 419 4876 illorum
431 4838 501 4876 usum
516 4825 557 4888 qul
569 4826 598 4874 cd
614 4825 830 4889 philosophandum
842 4837 928 4887 perum
941 4823 1019 4874 idonci

246 4916 311 4965 sunl.
326 4913 386 4964 stin
398 4913 563 4963 teroemetlcis
573 4915 655 4976 utpote
667 4912 697 4961 ed
708 4912 761 4960 illos
774 4913 868 4961 locutus
877 4910 918 4973 qul
931 4910 961 4958 sd
969 4912 1019 4974 phi·

247 4999 378 5064 losephism
388 4999 436 5050 neti
445 5002 510 5061 situl,
519 4998 658 5061 cogentibus
668 4997 816 5062 argumentis
826 4997 910 5056 utitur,
923 4995 947 5044 iu
959 5009 1017 5047 exo·

247 5087 328 5138 tericis
339 5101 397 5138 rere
405 5087 574 5160 probahilibus.
590 5090 670 5144 Quum
685 5089 764 5135 autem
776 5085 833 5135 illud
846 5088 895 5150 egll
906 5089 934 5136 ut
946 5087 1019 5136 enimi

246 5173 1019 5239 immortalitatemprobet,inacroamatieisnecessarissrgumen·

247 5259 1018 5326 tctiouedemoustrat.indialogicisreropmbebitirerisimiliter.
1039 5307 1042 5314 .

1079 3962 1126 4025 (de
1136 3966 1181 4011 hu.
1190 3964 1212 4023 l,
1225 3965 1251 4023 t,
1261 3964 1329 4022 ts)...
1338 3962 1363 4012 in
1372 3963 1560 4028 dialogicisrero
1572 3967 1604 4016 ite
1616 3966 1737 4029 loquitur:
1750 3969 1856 4018 animum

1078 4048 1238 4100 immortalem
1252 4064 1307 4100 esse
1318 4055 1460 4115 prepterea,
1475 4052 1539 4116 quod
1555 4055 1695 4104 nsturstiter
1712 4069 1796 4105 omnes
1811 4057 1856 4106 ho·

1078 4141 1191 4190 mineris
1205 4141 1321 4192 honorem
1331 4141 1499 4194 detunctorum
1511 4143 1614 4195 litterum
1623 4148 1648 4195 et
1665 4147 1772 4208 peritios
1786 4149 1855 4209 jure-

1077 4241 1146 4289 mus,
1163 4241 1238 4290 quum
1253 4233 1332 4280 temen
1347 4230 1427 4282 nullm
1441 4231 1474 4281 illi
1490 4229 1548 4282 libet
1560 4232 1601 4295 qui
1617 4235 1795 4297 nusquamst,
1812 4249 1855 4286 uc·

1077 4328 1125 4376 que
1135 4327 1177 4377 per
1189 4315 1256 4364 illum
1263 4316 1336 4376 iuret.
1355 4317 1490 4368 hlexsndet
1501 4321 1581 4368 sutem
1600 4320 1670 4369 aliter
1683 4323 1855 4374 acroemslieos

1079 4415 1092 4450 u
1109 4401 1229 4466 dialogicis
1246 4403 1345 4454 ditterrc
1356 4404 1465 4468 dicit‚in
1479 4408 1645 4456 scmemsticis
1662 4409 1727 4458 enim
1748 4410 1855 4473 philoso-

1079 4487 1153 4550 phum
1165 4489 1205 4538 illc
1213 4489 1292 4540 dicere
1304 4504 1360 4555 quae
1372 4491 1417 4555 ipsi
1435 4492 1560 4542 rideantur
1569 4497 1641 4556 etque
1655 4509 1725 4558 rere,
1735 4495 1759 4545 in
1776 4497 1852 4546 dialo-

1078 4575 1137 4637 gieie
1149 4579 1350 4640 contraqurealiis
1362 4577 1487 4629 viduum
1497 4583 1570 4642 atque
1578 4581 1648 4630 talen.
1660 4583 1714 4644 Sed,
1726 4578 1852 4634 ohlexsn·

1078 4662 1130 4725 der,
1137 4663 1168 4714 illi
1177 4663 1223 4715 dici
1234 4669 1321 4727 potest,
1329 4665 1392 4718 istud
1401 4666 1569 4732 philosophum
1579 4671 1852 4722 trondeccreznonenim

1079 4751 1115 4800 les
1124 4752 1161 4801 est
1175 4751 1259 4801 lslsurn
1271 4753 1397 4816 preferre,
1409 4767 1493 4804 terrim
1511 4759 1591 4804 nutem
1606 4759 1724 4808 omnltsre
1738 4776 1755 4808 e.

1129 4897 1237 4943 iuimicus
1245 4899 1308 4943 enim
1323 4899 1381 4943 mihi
1395 4899 1434 4944 ltte
1448 4901 1485 4944 vir
1497 4911 1563 4956 teque
1575 4899 1777 4960 sctnlemiportre
1825 4901 1831 4913 ⁶

1129 4978 1175 5034 Qui
1190 4977 1253 5023 sllud
1262 4977 1357 5035 quidem
1366 4980 1455 5025 ocullsl
1466 4981 1490 5024 ln
1501 4982 1593 5034 auimo.
1605 4981 1669 5026 aliud
1679 4994 1734 5027 tero
1746 4984 1809 5029 dicit.

1076 5089 1127 5138 lloc
1145 5093 1224 5138 autem
1238 5089 1293 5140 ideo
1306 5089 1369 5140 dixit
1386 5091 1530 5155 Alexander,
1545 5093 1609 5156 quod
1620 5092 1711 5144 ratione
1725 5095 1848 5159 prenditur

1073 5177 1178 5225 animem
1192 5177 1316 5228 mortalem
1330 5191 1384 5228 esse
1399 5180 1458 5230 ruit.
1472 5181 1612 5231 Aristoteles
1625 5195 1682 5231 vero
1695 5181 1848 5244 indialogieis

1076 5263 1195 5325 praecipue
1203 5263 1452 5328 rideturproclcmsre
1460 5263 1847 5321 immorlelitstemenimi-Talem
