4017 5984
903 447 1067 509 ιιιιιοοι.
1745 442 1785 503 3,

181 590 226 650 nul
241 589 321 663 ἅιιοὴν
335 591 416 668 ἔχειν,
427 585 546 664 καθάπερ
560 583 607 642 nni
619 578 867 660 Ἀριστοτέλης·
876 577 956 655 μα’νσς

181 680 233 758 γθρ
249 681 302 738 τῶν
321 674 467 748 αἰσθήσεων
482 671 582 738 ἐκείνας
591 670 650 751 ἔχει
664 668 712 736 τθς
724 665 790 748 πρθς
801 665 832 726 σθ
845 659 873 726 εὖ
888 653 954 724 εἶναι

182 765 411 844 συμὸαλλομίνας,
427 765 457 822 οὗ
476 761 528 838 μὴν
542 759 589 826 elie
602 757 665 836 πρὸς
678 755 709 815 τθ
723 747 801 814 εἶναι·
813 756 840 812 οἱ
860 753 886 812 δὲ
904 752 954 812 ii·

182 861 226 916 λαι
253 855 386 926 αἰσθήσεις
411 849 475 930 πρὸς
496 847 528 907 τθ
550 837 616 906 εἶναι
640 843 848 920 condidissent.
868 840 922 903 Καὶ
943 844 957 900 θ

182 941 292 1016 ποιητὴς
305 940 332 1000 il
348 938 475 1018 μαρτυρεῖ
488 935 587 1001 τούτοις
602 931 685 1012 λέγων

245 1089 333 1144 'unm
343 1087 368 1143 θς
375 1083 443 1134 πάντ’
452 1085 534 1146 inopie
545 1081 585 1130 ιιτὶ
596 1077 665 1128 πάντ’
676 1075 811 1132 ἐπακούεις,

695 1147 734 1208 (ΙΙ.
744 1161 770 1206 γ,
778 1141 834 1205 277)

183 1299 218 1360 is<
232 1293 263 1352 iss
277 1291 337 1370 ὄψιν
351 1287 432 1365 μόνην
446 1285 492 1346 καὶ
507 1281 689 1354 dionissium
704 1276 833 1358 ἐχόντων·
854 1274 900 1332 καὶ
915 1293 956 1330 οτι

183 1376 262 1444 οὗτοι
276 1378 389 1457 μάλιστα
404 1377 431 1433 οἱ
454 1371 588 1445 αἰσθήσεις
612 1371 638 1428 ἐν
659 1369 697 1448 τῷ
723 1364 835 1444 ἐνεργεῖν
851 1361 954 1439 μᾶλλον

182 1468 352 1549 γινώσκουσιν
364 1463 434 1542 ἤπερ
442 1463 469 1521 ἐν
482 1457 644 1540 τῷπάσχειν
657 1452 703 1512 καὶ
711 1451 864 1528 οἰκειότεροι
878 1437 957 1505 οὗτοι

185 1560 271 1623 αὐτοῖς
288 1558 323 1621 ὡς
341 1551 532 1616 ἅναλλοιιθτοις.
549 1545 584 1606 ‘0
595 1544 623 1604 δι’
637 1567 667 1623 γε
682 1539 834 1618 duodennos
848 1536 893 1596 noi
909 1536 957 1601 τὰς

185 1649 266 1713 ἄλλος
279 1641 411 1714 αἰσθήσεις
427 1639 549 1720 βούλεται
563 1633 631 1694 αὐτὰ
646 1631 728 1711 ἔχειν.

224 1733 343 1794 Homeii
364 1749 470 1799 versu,
485 1739 519 1785 ut
529 1724 590 1803 jam
619 1745 637 1784 ο
657 1715 799 1777 Finckbio
815 1711 958 1770 observa-

184 1837 317 1893 timess,
338 1820 370 1878 in
391 1815 490 1876 eadem
504 1833 536 1872 re
550 1812 643 1871 utitur
659 1804 797 1874 Psoclus,
810 1798 907 1857 Schot.
927 1799 958 1856 in

184 1910 294 1988 Cratyl.
311 1928 341 1986 p.
360 1913 396 1971 io
419 1900 465 1960 ed.
475 1895 661 1964 ¹Boissonsde
685 1914 692 1950 ι
707 1885 773 1950 Ὅτι
789 1883 876 1950 καθὼς
888 1883 959 1961 λέγει

182 1999 305 2076 Ὅμηρος
319 1992 398 2056 οὕτως
423 1987 507 2047 ἐστίν·
522 2013 535 2038 ι
549 1984 635 2058 ἠέλιος
645 1981 705 2040 κτλ.
718 2001 731 2028 ο
754 1972 799 2033 nui
814 1971 919 2051 θχουσιν
933 1972 957 2029 οἱ

184 2084 309 2165 ἐμφανεῖς
337 2079 390 2138 θεοθ
411 2076 456 2136 καὶ
480 2073 529 2146 τὴν
556 2069 679 2152 ὁρατικὴν
700 2065 820 2134 αἴσθησιν
844 2058 897 2143 καὶ,
913 2057 961 2130 τὴν

184 2170 355 2246 θεουοτικήν,
365 2167 421 2226 ἀλλ’
433 2161 590 2233 deliniti,
604 2159 746 2218 etiterum
757 2151 791 2209 in
812 2147 910 2206 schol.
924 2145 960 2204 ad

186 2259 308 2324 Hesiodi
318 2259 415 2335 Opera
432 2271 461 2308 ν.
480 2252 556 2329 9(ρ.
578 2249 614 2320 37
628 2243 729 2317 Gaist.)
747 2261 754 2296 ι
775 2238 860 2298 {lissi
872 2230 960 2294 linis:

185 2353 220 2416 is<
235 2347 323 2410 πάντα
347 2343 446 2422 ε’ρορῶν
463 2337 508 2396 καὶ
524 2334 624 2395 ἀκούων
638 2334 690 2390 τῶν
706 2322 880 2405 γινομένων...
896 2320 961 2400 ὅπερ

185 2438 213 2500 δὲ
227 2437 349 2515 Ὅμηρος
368 2430 411 2490 ἐπὶ
431 2432 477 2487 τοῖν
491 2424 567 2496 ἡλίου
582 2421 646 2504 ρησθ
660 2464 669 2493 ,
683 2424 759 2477 τοῦτο
779 2409 901 2475 Ἡσίοδος
917 2407 960 2467 td

186 2532 231 2587 τοῦ
246 2525 306 2591 Διὸς
327 2513 407 2581 εἶπεν·
424 2514 514 2592 ὅμοιον
528 2510 580 2591 γάρ
604 2513 660 2570 ἐστι
672 2509 721 2587 τῷ·
747 2497 857 2572 uidisse
872 2497 932 2556 κτλ.
947 2520 960 2547 ν

186 2621 248 2678 Τῶν
262 2611 313 2692 γθρ
329 2606 474 2678 αἰσθήσεων
490 2601 571 2682 μόνην
584 2600 632 2668 τὴν
649 2595 739 2678 ὅρασιν
757 2583 961 2657 inuisissimis

188 2707 223 2771 ds<
235 2697 410 2782 χαριεστάτοις
424 2693 468 2752 td
479 2687 538 2756 τοθς
553 2683 624 2752 θιοθς
636 2679 802 2764 ἀναφέρουσι.

505 2852 553 2903 ²7·
568 2821 642 2904 (47.)

234 2994 336 3052 Cicero
350 2987 386 3046 de
401 2983 503 3043 Natus.
516 2979 602 3036 Deor.
614 2971 656 3044 ll,
673 2971 725 3028 16:
740 2969 800 3024 Nee
810 2967 960 3020 ueroAri-

187 3084 333 3140 stoteles
350 3095 406 3134 non
421 3062 579 3130 laudandus
591 3070 675 3130 ineo,
699 3059 774 3133 quod
783 3058 880 3110 omnia
899 3069 963 3124 qnae

189 3185 329 3231 moventur
340 3178 391 3224 nut
402 3176 506 3220 natura
523 3159 625 3213 moveri
638 3154 748 3207 censuit
759 3156 809 3200 aut
824 3146 855 3199 vi
868 3151 897 3196 et
912 3158 962 3194 uo·

189 3267 305 3319 luntate.
328 3257 434 3312 Mouen'
453 3261 546 3306 autem
563 3244 653 3324 solemv
672 3252 701 3294 et
716 3240 810 3292 lunum
827 3242 856 3287 et
869 3229 974 3300 sideru·

188 3355 300 3416 omniu3
317 3363 380 3420 (μοι
400 3351 492 3396 nutem
506 3347 609 3391 natura
629 3336 809 3391 mouerentur,
830 3319 894 3374 lioec
915 3307 965 3368 aut

186 3439 310 3515 pondere
320 3434 446 3488 deorsum
452 3437 502 3482 uut
510 3426 619 3478 leuitate
629 3423 658 3472 in
669 3415 787 3471 sublime
793 3405 884 3480 serri;
897 3421 963 3478 quo·

189 3546 250 3582 rum
273 3533 399 3578 neutrum
421 3518 506 3570 nstris
521 3513 702 3578 contingeret,
723 3509 873 3574 propterea
892 3491 966 3565 quod

189 3632 282 3670 eorum
293 3619 380 3666 motus
390 3611 420 3661 in
432 3603 525 3658 orbem
542 3602 756 3666 circumquaque
764 3585 892 3652 ferretur.
907 3581 966 3636 Nec

190 3720 258 3756 uero
274 3701 330 3752 dici
343 3703 435 3770 potest
444 3695 476 3744 ui
489 3685 612 3762 quadam
622 3683 729 3750 majore
732 3675 812 3750 fieri,
826 3683 857 3725 ut
868 3670 966 3725 conire

189 3799 323 3843 naturam
340 3791 418 3836 nstra
437 3786 605 3832 moueantur.
622 3769 693 3840 Quae
713 3768 785 3819 enim
801 3769 893 3835 potest
908 3772 966 3810 esse

189 3875 303 3949 majori
316 3874 413 3928 Restat
424 3869 509 3939 igitur
518 3872 550 3916 ut
556 3869 645 3914 motus
654 3863 791 3908 astrorum
807 3851 844 3902 sit
860 3843 964 3899 uolun-

190 3972 288 4022 turins.
313 3961 385 4030 Quoe
404 3951 572 4028 quivident,
591 3962 647 4000 non
671 3941 780 3994 indocte
794 3934 891 3996 solum,
916 3945 966 3982 ue·

191 4072 251 4108 rum
265 4054 349 4106 etiam
363 4045 447 4118 impie
449 4039 558 4111 faeiat,
571 4037 597 4088 si
608 4029 674 4085 deos
683 4043 743 4082 esse
755 4030 847 4094 neget.

512 4177 651 4258 ndns.)

233 4341 337 4400 Cicero
351 4335 387 4394 de
408 4331 517 4390 Natura
531 4328 616 4385 Deos.
631 4321 658 4393 l,
677 4321 710 4377 13
732 4339 740 4374 :
756 4313 968 4373 Aristoteles

192 4449 298 4508 quoque
312 4433 341 4484 in
357 4429 437 4481 tertio
449 4423 485 4476 de
498 4411 683 4488 Pltilmoplda
695 4409 765 4464 libro
775 4405 864 4461 multu
878 4402 969 4456 urbest

194 4540 215 4577 a
236 4522 371 4590 magistro
391 4513 510 4566 Platone
532 4521 588 4559 non
607 4500 780 4556 dissentiens.
795 4491 880 4548 Modo
893 4489 968 4544 enim

196 4611 280 4665 menti
294 4600 389 4659 tribuit
410 4611 519 4654 ornnem
539 4591 721 4652 divinitatem,
736 4581 815 4636 modo
837 4575 968 4632 mundum

195 4703 283 4772 imum
293 4692 374 4748 deum
384 4688 455 4742 dicit
468 4699 538 4747 esse,
556 4677 637 4734 modo
647 4671 785 4747 quendum
798 4669 885 4721 alium
896 4681 968 4736 prm·

191 4787 253 4856 ficit
267 4779 370 4836 mundo
383 4779 463 4848 eique
472 4788 521 4826 ens
527 4777 623 4842 partes
634 4757 726 4818 tribuit
745 4767 775 4810 ut
786 4753 970 4828 replicatione

195 4863 964 4910 ....------·····-···‘-'*

196 4949 250 5000 iiius
264 4944 352 4996 habent
365 4941 406 5005 qui
424 4936 453 4988 ιθ
473 4937 535 4986 bene
549 4944 603 4983 esse
617 4927 756 4986 conterunt,
774 4934 822 4973 ιιοιι
836 4922 970 4970 timenem

197 5035 238 5098 qui
249 5033 278 5082 ad
292 5041 362 5081 esses
375 5024 447 5077 ested
461 5035 520 5073 nero
536 5031 621 5071 sensus
637 5013 666 5065 sd
685 5025 739 5064 esse
751 5008 885 5062 conterunt.
899 5003 969 5063 Quod

196 5125 222 5174 et
235 5113 459 5185 pientissimus
473 5110 553 5160 disens
568 5125 575 5156 :

251 5259 290 5305 θοι
303 5257 345 5314 σοι
354 5254 432 5302 omnia
445 5247 546 5306 sisoim
559 5247 584 5294 et
593 5243 672 5291 omnia
688 5239 763 5286 sudu.

1012 581 1135 653 quadum
1154 580 1252 633 mundi
1270 589 1373 633 motum
1386 586 1468 648 regui
1480 586 1564 648 atque
1583 585 1700 627 tuentius.
1716 575 1785 631 Tum

1011 670 1077 722 creti
1087 669 1214 722 arciorem
1227 668 1310 721 deum
1320 666 1390 719 dicit
1396 681 1465 730 esse,
1483 681 1539 718 non
1558 663 1716 734 intelligens
1726 680 1785 718 οω-

1010 763 1069 813 lum
1082 756 1178 810 mundi
1192 773 1251 809 esse
1262 766 1385 828 purtem,
1403 769 1483 832 quem
1495 753 1555 806 ulio
1569 752 1629 805 loeo
1642 754 1702 824 ipse
1712 751 1786 806 clesi-

1010 849 1108 918 gnnrit
1125 845 1217 899 deum.
1240 843 1386 914 Quomodo
1402 851 1496 895 autem
1515 841 1584 893 coeli
1605 839 1715 893 diuinus
1735 840 1787 894 ille
1864 853 1870 864 ·

1010 949 1105 987 sensus
1121 937 1151 987 in
1171 933 1314 986 eeleritate
1331 940 1411 984 tanta
1424 930 1580 984 conservari
1591 928 1706 1000 potest?
1729 927 1787 984 Uin

1010 1021 1114 1075 deinde
1136 1021 1181 1075 illi
1201 1031 1241 1074 tot
1256 1020 1312 1088 dii,
1333 1021 1360 1074 si
1383 1033 1560 1072 numeramus
1581 1019 1666 1070 etiam
1684 1016 1786 1071 eoelum

1009 1107 1115 1161 deuiis?
1135 1107 1227 1178 (inum
1238 1117 1332 1160 nutem
1347 1109 1408 1160 sine
1422 1122 1535 1177 corpore
1556 1104 1629 1158 idem
1648 1105 1713 1158 uult
1726 1121 1786 1159 esse

1010 1195 1102 1262 deum,
1119 1200 1196 1250 omni
1206 1195 1286 1249 illum
1302 1211 1385 1249 sensu
1400 1197 1497 1266 privat
1512 1204 1541 1248 et
1544 1193 1710 1268 prudentia.
1724 1193 1787 1264 Quo

1009 1301 1094 1356 porro
1112 1285 1193 1338 modo
1212 1283 1346 1337 mundum
1359 1299 1467 1336 mouere
1479 1297 1578 1335 carens
1595 1299 1714 1354 corpore,
1737 1289 1789 1335 aut

1012 1389 1067 1444 quo
1077 1372 1160 1426 modo
1169 1387 1280 1444 semper
1289 1388 1319 1425 se
1333 1359 1444 1424 moueris
1454 1385 1514 1423 esse
1529 1371 1636 1442 quietus
1645 1379 1675 1422 et
1692 1368 1787 1422 beatus

1010 1461 1126 1533 potest?

1054 1545 1149 1614 Quom
1164 1544 1226 1602 ὀπο
1239 1541 1330 1601 verbu
1343 1542 1402 1601 sint
1415 1541 1496 1600 illius
1510 1540 1563 1617 qui
1584 1541 1662 1617 apud
1675 1538 1789 1596 Cioero·

1013 1653 1077 1692 nem
1088 1633 1297 1710 Epicureorum
1306 1630 1467 1688 doctrinam
1477 1627 1617 1699 defendit,
1626 1628 1690 1686 sine
1696 1626 1788 1686 dubio

1024 1719 1175 1777 ePhaedsi
1200 1720 1237 1777 de
1257 1717 1365 1775 Natura
1387 1716 1508 1774 deosum
1536 1712 1614 1771 libro
1637 1713 1789 1789 desumpta

1013 1821 1089 1866 sunt.
1103 1806 1149 1866 (Is.
1162 1806 1272 1866 Minue.
1285 1803 1346 1863 iel.
1369 1803 1434 1862 Oct.
1449 1801 1531 1874 xlx,
1549 1823 1568 1878 9
1587 1819 1595 1861 :
1615 1807 1787 1858 Aristote-

1015 1902 1063 1955 les
1085 1905 1182 1954 uariat
1201 1909 1230 1952 et
1246 1901 1376 1968 assignat
1389 1905 1483 1948 tomen
1502 1911 1588 1948 unum
1609 1901 1788 1965 potestatem.

1013 1993 1089 2046 Num
1118 1992 1228 2043 interim
1255 1995 1387 2048 mentem,
1419 1981 1551 2036 mundum
1572 1985 1682 2035 interim
1707 1979 1789 2032 deum

1014 2098 1074 2135 esse
1084 2081 1161 2146 dicit,
1179 2079 1290 2130 interim
1309 2073 1411 2127 mundo
1422 2072 1505 2124 deum
1511 2069 1645 2143 proefieit.
1660 2064 1790 2122 Luctant.

1014 2164 1086 2224 inst.
1098 2162 1124 2235 l,
1141 2162 1171 2233 5,
1184 2181 1220 2217 σα
1233 2181 1240 2216 :
1255 2158 1484 2224 Aristoteles,
1494 2160 1618 2228 quamuis
1630 2173 1722 2209 seeum
1732 2158 1791 2226 ipse

1012 2255 1163 2323 dissident,
1180 2270 1216 2305 ac
1228 2250 1415 2324 repugnanda
1426 2245 1477 2298 sibi
1487 2255 1515 2299 et
1531 2244 1608 2297 dieat
1627 2253 1655 2296 et
1675 2245 1789 2309 sentiet,

1014 2347 1043 2396 in
1054 2357 1190 2396 summum
1206 2351 1301 2392 tomen
1319 2351 1405 2390 unum
1419 2342 1540 2387 mentem
1553 2331 1656 2384 mundo
1669 2344 1792 2402 proeesse

1015 2441 1140 2486 testetur.

1290 2564 1295 2572 '
1329 2576 1378 2631 29·
1395 2551 1471 2629 to.)

1054 2693 1158 2751 Cicero
1173 2691 1290 2766 Disput.
1309 2685 1423 2743 fusoni.
1441 2682 1466 2755 Ι,
1489 2701 1589 2754 10,22
1607 2701 1614 2735 :
1629 2686 1793 2736 Aristote-

1017 2788 1067 2839 les
1091 2785 1172 2853 longe
1189 2777 1317 2836 omnibus
1338 2774 1504 2848 (Plutonem
1526 2787 1637 2843 semper
1658 2765 1791 2844 excipio)

1013 2882 1154 2948 prnestons
1167 2879 1196 2922 et
1209 2869 1321 2938 ingenio
1336 2874 1363 2916 et
1383 2863 1540 2936 diligentia,
1561 2875 1644 2931 quum
1665 2866 1794 2930 quntutor

1018 2971 1084 3014 noto
1095 2958 1148 3011 illo
1164 2972 1270 3028 genera
1285 2953 1485 3025 principiorum
1504 2956 1575 3000 esset
1591 2945 1760 3016 complexus,
1777 2961 1793 2997 e

1019 3047 1117 3123 quibus
1137 3046 1233 3099 omnia
1247 3045 1381 3106 oriuntur,
1404 3041 1530 3109 quintum
1552 3031 1696 3106 quandum
1710 3041 1791 3084 notn·

1017 3153 1079 3190 rum
1100 3142 1192 3187 censet
1202 3147 1268 3192 esse,
1286 3144 1370 3201 equa
1385 3128 1423 3178 sit
1439 3139 1527 3178 mens.
1545 3119 1678 3194 cogitare
1699 3123 1784 3184 enim,

1016 3235 1046 3280 et
1061 3222 1206 3298 prouidere
1219 3229 1247 3272 et
1259 3218 1374 3282 discere,
1392 3222 1421 3266 et
1434 3211 1545 3282 docere,
1557 3218 1586 3263 et
1598 3211 1718 3261 inuenire
1735 3208 1792 3260 uli-

1016 3313 1093 3385 quid,
1105 3319 1204 3376 ettam
1214 3306 1301 3360 multo
1310 3303 1382 3372 alio,
1393 3302 1559 3364 meminisse,
1574 3313 1680 3362 amare,
1692 3296 1791 3362 ulisse,

1017 3415 1128 3473 cupere,
1135 3401 1242 3468 timere,
1253 3394 1332 3463 angi,
1344 3391 1439 3443 Ioeturi
1452 3405 1461 3440 .·
1476 3385 1541 3440 inc
1547 3394 1576 3438 et
1584 3383 1691 3437 similia
1699 3401 1793 3436 eorum

1020 3487 1156 3542 initorum·
1163 3491 1292 3554 quattuor
1296 3491 1429 3551 generum
1436 3477 1524 3527 inesse
1531 3471 1609 3524 nullo
1609 3481 1706 3542 putat.
1716 3469 1800 3539 Quin·

1019 3588 1076 3630 tum
1096 3589 1184 3644 genus
1201 3565 1315 3623 adhibet
1331 3579 1441 3618 uacuus
1458 3563 1588 3627 nomine3
1604 3541 1634 3612 et
1649 3560 1689 3610 sie
1704 3560 1793 3629 ipsum

1019 3666 1145 3719 animum
1160 3650 1321 3730 θντελίχεισν
1334 3643 1470 3724 appellnt,
1487 3665 1554 3701 noro
1566 3647 1695 3699 nomine:
1714 3648 1795 3713 quasi

1018 3747 1164 3824 quandum
1175 3745 1332 3798 continuom
1345 3740 1494 3792 motionem
1504 3747 1532 3788 et
1542 3749 1693 3807 perennem
1701 3747 1710 3803 3
1718 3727 1793 3788 ibid.

1025 3857 1072 3910 17,
1085 3845 1119 3904 ti
1139 3833 1192 3894 :Si
1204 3849 1266 3885 uero
1276 3839 1328 3882 aut
1338 3842 1468 3880 numerus
1480 3821 1596 3896 quidam
1618 3822 1657 3873 sit
1672 3823 1790 3885 unimus,

1020 3927 1095 4002 quod
1115 3921 1251 3978 subtiliter
1267 3918 1360 3989 magis
1375 3930 1461 3987 quum
1481 3909 1605 3964 dilucide
1618 3907 1732 3980 dicitur,
1747 3919 1799 3961 aut

1022 4019 1121 4088 quinto
1132 4011 1185 4064 illu
1198 4023 1254 4061 non
1270 4004 1419 4058 nominata
1440 4000 1531 4069 magis
1547 4011 1631 4069 quum
1641 4011 1697 4048 non
1718 3995 1798 4048 intel·

1022 4104 1095 4157 lectu
1105 4109 1225 4162 nnturn;
1239 4088 1313 4149 ibid.
1330 4087 1380 4158 26,
1395 4085 1432 4143 65
1448 4105 1465 4162 t,
1471 4086 1521 4140 Sin
1543 4095 1636 4138 autem
1649 4094 1691 4136 est
1699 4087 1797 4155 quinto

1020 4188 1151 4262 quoednm
1167 4194 1289 4250 natura,
1316 4177 1354 4231 ab
1376 4174 1571 4232 Aristotele
1590 4171 1716 4243 inducti,
1740 4174 1798 4242 pri·

1022 4292 1096 4329 mum
1110 4272 1174 4327 inec
1198 4279 1229 4323 et
1246 4267 1360 4322 deorum
1373 4275 1415 4318 est
1428 4274 1456 4317 et
1468 4264 1627 4315 animarum
1635 4276 1647 4326 ,·
1661 4253 1733 4313 ibid.
1744 4275 1796 4329 27,

1022 4362 1060 4418 66
1073 4361 1082 4433 i
1095 4379 1111 4417 e
1124 4355 1203 4416 libro
1216 4354 1252 4412 de
1271 4349 1486 4424 Consolatione}
1501 4348 1681 4420 :Singularis
1692 4356 1734 4400 est
1745 4349 1797 4416 igi-

1022 4464 1067 4506 tur
1080 4449 1211 4524 quoednm
1227 4455 1329 4498 nutura
1343 4453 1426 4515 atque
1437 4443 1483 4494 vis
1498 4440 1598 4503 um‘mi,
1616 4440 1743 4507 sejuncta
1760 4434 1798 4486 ub

1022 4538 1068 4594 its
1076 4540 1186 4592 usitatis
1198 4535 1324 4605 notisque
1332 4532 1448 4585 naturis.
1463 4529 1523 4596 Ita,
1533 4523 1671 4599 quidquid
1674 4532 1716 4577 est
1727 4520 1801 4574 illud

1022 4625 1097 4700 quod
1104 4627 1194 4690 sentit,
1203 4621 1278 4694 quod
1285 4621 1369 4692 sopit,
1381 4616 1457 4690 quod
1464 4618 1541 4687 uiuit,
1552 4613 1628 4686 quod
1637 4615 1727 4682 uiget,
1737 4625 1795 4660 coe-

1025 4717 1091 4769 leste
1105 4723 1133 4767 et
1149 4711 1271 4765 diuinum
1289 4707 1325 4762 oli
1338 4721 1455 4777 eamque
1468 4720 1527 4757 rem
1541 4711 1676 4754 oeternum
1688 4701 1728 4750 sit
1745 4711 1797 4748 ne-

1023 4815 1096 4858 cesse
1104 4809 1161 4866 est,·
1174 4792 1308 4853 Academ.
1319 4789 1341 4863 1,
1353 4811 1383 4862 7,
1396 4790 1434 4846 σθ
1446 4807 1454 4844 ι
1467 4790 1599 4859 Quintum
1610 4799 1798 4858 genus,e‹1uo

1023 4899 1112 4945 essent
1127 4897 1205 4941 nstra
1219 4893 1385 4955 mentesque,
1397 4878 1552 4952 singulare,
1563 4885 1709 4944 eorumque
1716 4879 1797 4942 qunt-

1024 4989 1094 5044 tuor,
1120 4994 1184 5049 quoe
1200 4990 1286 5047 supra
1304 4970 1380 5037 diei,
1407 4964 1555 5032 dissimile,
1584 4957 1798 5015 Aristoteles

1023 5065 1158 5140 quiddam
1165 5079 1223 5118 esse
1229 5061 1356 5124 rebntur3
1367 5053 1403 5111 de
1411 5048 1533 5108 finibus
1539 5043 1584 5114 lv,
1599 5045 1627 5112 5,
1640 5063 1674 5100 ια
1688 5045 1797 5116 :Quum

1025 5163 1118 5207 autem
1139 5159 1310 5224 quterereutr
1326 5162 1370 5199 res
1387 5141 1537 5198 admodum
1560 5130 1706 5209 difficilis,
1731 5151 1798 5186 num

1026 5245 1125 5314 quinto
1132 5237 1263 5312 quoednm
1272 5245 1374 5288 nnturn
1384 5229 1525 5284 uideretur
1533 5241 1602 5294 esse,
1612 5240 1650 5277 es
1658 5239 1713 5296 qun
1724 5225 1798 5276 ratio
