4017 5984
246 423 287 480 ou
800 415 1049 477 ARISTOTELIS
1070 413 1319 475 FRAGMENTA.

240 555 433 626 plenissimum
454 571 510 606 non
527 555 636 624 opinati
657 561 724 604 sunt
739 555 795 604 nisi
808 551 901 606 diuino
913 551 1026 622 judicio
1079 545 1253 624 παραθέσθαι.
1265 543 1341 617 Φησὶ
1361 545 1384 603 θ’
1399 547 1426 626 §r
1439 549 1477 625 τῷ
1491 544 1609 627 Εύδήμερ
1627 547 1859 630 ίπιγραρομόνῳῆ

243 645 405 715 contigisse,
426 637 574 694 tribuentes
590 642 684 712 utique
689 643 832 709 justitium
840 640 991 708 conditori,
1007 657 1027 692 a
1079 633 1140 714 περί
1152 637 1239 714 ψυχῆς
1251 633 1337 692 ταυτί·

243 749 296 804 quo
321 725 421 800 saeuus
451 740 494 783 est
517 740 546 782 et
572 727 787 781 administratur
821 725 865 781 mc
897 728 1025 782 mundus.
1122 721 1256 800 «Διόπερ,
1273 712 1429 802 ὦκράτιστε
1443 721 1553 780 πάντων
1564 722 1611 781 καλ
1626 725 1855 804 μακαριστότατε,

244 820 356 888 Quanto
367 836 433 892 ergo
444 828 471 888 te
488 817 588 870 melius
604 817 773 888 veritatique
787 819 908 869 uicinius
925 815 961 870 de
977 813 1026 868 ito·
1085 808 1131 868 καῖ
1154 808 1217 889 πρὸς
1230 813 1269 889 τῷ
1292 807 1437 888 μακαρίους
1455 809 1501 868 καῖ
1524 808 1682 887 εὐδαίμονας
1706 802 1775 872 εἶναι
1800 813 1860 882 τούς

245 907 350 958 minum
370 907 549 980 generatione
561 914 716 969 sensenmt,
739 919 806 976 quus
822 901 919 958 Cicero
931 904 959 956 in
974 919 1027 956 ex·
1082 897 1299 970 τετελευτηκότας
1313 899 1451 975 νομίζομεν
1474 898 1521 958 καὶ
1539 897 1729 980 τὸψεύσασθαί
1751 923 1779 960 τι
1799 903 1862 962 κατ’

244 996 338 1046 tremis
343 989 476 1066 partibus
489 993 625 1048 Hortensii
643 991 757 1064 dialogi
764 991 845 1044 veluit
856 995 920 1064 ipsa
935 1007 1027 1044 rerum
1082 987 1228 1046 αὐτῶνκαὶ
1250 986 1281 1044 τὸ
1297 987 1464 1065 βλασφημεῖν
1478 988 1529 1066 ούχ
1546 985 1635 1060 duros,
1647 991 1684 1054 ὣς
1704 987 1776 1046 κατθ
1799 992 1858 1067 βε).-

246 1081 384 1134 evidentia
394 1085 491 1134 duetus
500 1081 712 1154 compulsusque
724 1090 932 1134 commemorat.
950 1080 1026 1134 Num
1081 1074 1173 1137 τιόνων
1196 1075 1331 1155 ἡγούμεθα
1365 1074 1411 1134 καὶ
1439 1075 1593 1154 κρειττόνων
1619 1075 1671 1149 ἤδη
1702 1077 1858 1156 γεγονότων·

244 1185 327 1239 quum
340 1169 430 1222 multa
441 1187 506 1241 quos
515 1167 639 1222 ridemus
653 1179 683 1220 et
691 1171 828 1239 gemimus
836 1167 872 1221 de
884 1165 1026 1220 horriinum
1082 1160 1129 1220 καί
1142 1167 1216 1221 ταῦθ’
1232 1161 1314 1230 οὕτως
1328 1167 1428 1244 ἀρχαῖα
1440 1163 1486 1221 καλ
1499 1162 1603 1224 παλαιά
1622 1165 1738 1224 διατελεῖ
1755 1187 1857 1242 νενομι-

248 1260 374 1309 uanitate
396 1267 480 1329 utque
491 1251 639 1324 felicitate
658 1255 784 1322 dixisset,
804 1273 841 1308 eu
859 1251 959 1326 quibus
972 1253 1025 1308 Ιιιι-
1080 1252 1165 1330 σμόνα
1177 1253 1242 1331 παρ’
1256 1257 1336 1330 ἡμῖν,
1351 1254 1419 1311 ὥστε
1438 1252 1469 1310 τὸ
1480 1250 1609 1332 παράπαν
1621 1251 1704 1318 οὐδεὶς
1717 1243 1785 1312 οἶδεν
1799 1252 1859 1312 ούτε
1885 1311 1889 1319 ,

243 1361 349 1408 manns,
376 1347 479 1416 inquit,
501 1345 573 1397 uitoe
595 1343 730 1397 erroribus
743 1354 772 1396 et
781 1345 913 1396 oerumnis
924 1343 981 1416 fit,
997 1355 1029 1396 ut
1080 1347 1125 1400 τοῦ
1139 1341 1235 1420 χρόνου
1248 1341 1403 1422 τὴνάρχὴν,
1418 1339 1478 1400 ούτε
1496 1339 1540 1398 τὸν
1555 1338 1634 1400 θέντα
1654 1343 1775 1421 πρῶτον,
1791 1342 1861 1400 ἀλλὰ

244 1431 381 1484 interdum
395 1441 503 1484 ueteres
519 1431 714 1486 ttustvevases
726 1434 781 1484 sire
792 1435 918 1484 insumis
931 1435 1026 1485 initiis·
1081 1428 1125 1487 τόν
1145 1431 1251 1510 ἄπειρον
1276 1430 1360 1488 αἰῶνα
1381 1427 1541 1508 τυγχάνωσι
1565 1426 1609 1486 διδ
1621 1425 1712 1494 τύλους
1733 1425 1803 1485 οὕτω
1819 1451 1859 1485 νε·

220 1535 224 1542 ·
244 1536 297 1590 que
309 1518 455 1572 tradendis
472 1519 577 1573 divinoe
595 1521 695 1573 mentis
709 1523 888 1592 interpretes,
908 1523 956 1592 qui
974 1537 1025 1573 uos
1081 1518 1238 1594 νομισμένα·
1253 1517 1316 1598 πρὸς
1341 1516 1368 1576 δὲ
1391 1515 1424 1588 δὴ
1444 1515 1545 1582 τούτοις
1559 1514 1603 1573 διὰ
1621 1516 1750 1593 στόματος
1764 1516 1791 1574 θν
1804 1516 1862 1582 τοῖς

243 1603 278 1660 ob
287 1608 384 1680 aliqua
397 1608 504 1662 seelera
520 1618 649 1681 suscepta
661 1612 690 1662 in
706 1612 767 1661 uita
776 1611 915 1680 superiore
920 1628 1025 1682 poenu-
1081 1603 1858 1685 ἀνθρώποις,θρβς,όιςέκπολλῶνθτῶν[ίκ]παλαιοῖχρόνου
1932 1658 1937 1666 .

242 1715 303 1750 rum
319 1697 484 1750 luendorum
496 1715 582 1751 causa
596 1709 678 1751 notos
688 1715 747 1750 esse
758 1699 905 1764 dixerunt,
920 1698 1028 1770 aliquid
1082 1695 1251 1774 περιφέρεται
1264 1691 1449 1773 θρυλούμενον.
1463 1725 1504 1738 -
1518 1691 1555 1753 Τί
1567 1696 1655 1765 τοῦτ’,
1669 1691 1729 1774 ίιρη.
1743 1725 1784 1740 ·-·
1801 1695 1861 1754 Κᾶ-

243 1787 347 1840 m'disse
362 1787 512 1838 uideantur
522 1803 674 1857 verumque
682 1787 718 1838 sit
730 1784 803 1838 illud
812 1785 888 1856 quod
901 1787 1029 1858 estapud
1080 1789 1163 1848 κεῖνος
1190 1779 1340 1841 ὑπολαύόιν·
1357 1783 1393 1847 ὡς
1420 1779 1474 1860 άρα
1497 1779 1535 1855 μὴ
1559 1781 1677 1858 γίνεσθαι
1701 1782 1766 1858 μῖν,
1791 1779 1856 1862 ἔφη,

245 1875 481 1928 Aristotelem
494 1911 503 1939 ,
525 1875 609 1927 simili
623 1891 673 1926 nos
683 1867 804 1942 affectos
817 1890 876 1926 esse
893 1874 1028 1946 supplicio
1081 1867 1187 1949 άριστον
1201 1869 1320 1942 πάντων,
1332 1868 1362 1928 τθ
1373 1867 1401 1927 δί
1413 1869 1532 1928 τεθνάναι
1543 1874 1590 1928 τοῦ
1602 1872 1649 1941 ζῆν
1660 1870 1716 1929 tori
1726 1871 1856 1949 κρεῖττον.

244 1973 327 2034 utque
343 1979 388 2014 eos
403 1965 451 2034 qui
459 1961 609 2032 quondum,
624 1978 707 2034 quum
722 1963 751 2014 in
767 1960 933 2034 pradonum
946 1961 1027 2016 Etru·
1087 1959 1140 2019 Καὶ
1153 1959 1260 2024 πολλοῖς
1282 1957 1351 2018 οὕτω
1363 1955 1438 2039 παρδ
1451 1961 1505 2016 τοῦ
1531 1956 1665 2034 δαιμονίου
1688 1957 1861 2040 μεμαρτύρη-

243 2067 350 2104 scorum
365 2067 465 2103 manus
483 2049 657 2118 incidissent,
679 2047 843 2103 crudelitate
861 2053 1027 2124 excogitata
1083 2069 1135 2104 ται·
1145 2051 1222 2106 τοῖιτο
1234 2044 1283 2123 μίν
1293 2046 1430 2126 ῖκείνῳτῷ
1439 2044 1512 2124 Μίδα
1520 2044 1624 2121 λέγουσι
1639 2046 1723 2118 δήπου
1736 2042 1805 2123 μετὰ
1812 2043 1863 2115 τὴν

246 2137 429 2205 necabuntur,
454 2155 568 2211 quorum
589 2155 707 2210 corpora
725 2140 791 2190 vira
812 2155 874 2191 eum
893 2143 1018 2203 mortuis,
1081 2133 1176 2212 θήραν,
1190 2137 1226 2199 όις
1238 2132 1319 2192 ἔλαθε
1330 2133 1374 2192 τὸν
1385 2133 1521 2204 Σειληνὸν,
1536 2133 1695 2211 διερωτῶντι
1704 2133 1750 2192 καὶ
1763 2138 1862 2192 πυνθα-

245 2227 365 2279 οιίνενεο
386 2225 508 2278 adrensis
533 2226 745 2279 accommodata
772 2242 857 2297 quam
885 2228 1028 2297 aptissime
1083 2220 1199 2300 νομίνιρ,
1215 2219 1242 2278 τί
1255 2219 1320 2280 ποτά
1332 2222 1388 2280 ἔστι
1397 2218 1428 2278 τὸ
1441 2219 1543 2298 βέλτιον
1557 2229 1611 2288 τοῖς
1625 2220 1769 2299 ἀνθρώποις
1779 2221 1823 2280 καί
1834 2222 1861 2278 τί

245 2311 451 2386 colligabuntur
458 2330 471 2377 ,·
486 2317 526 2366 sic
546 2324 653 2368 nostros
672 2315 852 2366 animoscum
871 2313 1029 2384 corporibus
1082 2305 1112 2364 τὸ
1125 2307 1232 2367 πάντων
1248 2304 1439 2387 tripertientes,
1452 2305 1483 2364 τθ
1495 2306 1545 2382 μὲν
1556 2309 1660 2385 πρῶτον
1676 2307 1749 2366 οὐδὲν
1764 2308 1862 2366 ἐθέλειν

245 2401 404 2472 copulatos,
415 2412 445 2454 ut
457 2405 533 2454 uiros
547 2419 608 2454 cum
621 2404 732 2454 mortuis
745 2417 804 2452 esse
814 2404 984 2469 conjunctos.
1082 2395 1180 2466 εἰπεῖν,
1203 2393 1272 2454 ἀλλθ
1286 2403 1388 2453 σιωπᾶν
1407 2393 1535 2473 ἀρρήτως·
1549 2393 1639 2466 ἐπειδὴ
1660 2397 1687 2454 δι’
1702 2418 1765 2454 ποτε
1786 2395 1862 2470 μολις

287 2485 354 2541 Haec
378 2483 414 2542 ad
437 2483 584 2560 dialogum
608 2483 768 2542 Eudemum
782 2483 930 2561 pertinere
951 2484 1028 2542 vidit
1081 2481 1691 2562 πᾶσανμηχανλνμηχανώμενοςπροσηγάγιτο
1701 2481 1860 2565 ρθίγξασθαῖ

246 2573 409 2642 Krischius,
417 2575 624 2649 Fousciumgem
635 2572 763 2646 eusdem
773 2571 884 2629 Gebiete
893 2575 945 2628 der
950 2576 1028 2629 alten
1083 2594 1108 2630 τι
1122 2572 1186 2649 πρὸς
1191 2570 1280 2644 αὐτόν,
1285 2571 1366 2638 οὕτως
1375 2572 1586 2648 ἀναγκαζόμενον
1601 2573 1692 2632 εἰπεῖν·
1703 2599 1716 2624 ι
1729 2570 1859 2648 Δαίμονος

246 2663 475 2740 Philosophum.
490 2682 536 2735 17,
552 2663 660 2721 rectius
669 2680 755 2738 quam
765 2663 801 2721 0.
812 2659 964 2738 Miillerus,
976 2659 1028 2738 qui

250 2751 281 2806 in
298 2748 377 2806 libro
390 2754 437 2808 die
449 2751 595 2820 Etrusirr,
612 2763 632 2807 t.
645 2749 671 2826 l,
684 2769 715 2828 p.
728 2750 797 2821 368,
812 2747 864 2807 ubi
880 2747 917 2806 de
934 2768 1028 2820 more,

248 2857 334 2914 quem
350 2838 520 2898 Aristoteles
539 2838 689 2915 tetigerat,
714 2838 855 2916 loquitur,
869 2839 906 2895 ad
920 2838 1028 2918 Τυρρη-

245 2930 295 2985 νῶν
308 2926 419 3006 Νόμιμα
434 2927 579 2986 retulerat.

565 3081 594 3131 ο·
611 3059 697 3138 (m)

288 3192 433 3250 Plutarch.
450 3191 614 3250 Consul-ad
625 3191 779 3270 Apollon,
796 3213 823 3250 c.
840 3211 876 3263 ²7
893 3213 899 3247 :
917 3191 1029 3256 Πολλοῖς

245 3279 296 3358 γὰρ
311 3279 355 3338 καί
376 3287 465 3360 σοροῖς
478 3277 619 3356 ἀνδράσιν,
635 3277 672 3345 ὥς
699 3301 766 3354 φησι
781 3277 922 3358 Κράντωρ,
937 3279 967 3336 ού
983 3283 1028 3335 νῖιν

248 3366 318 3427 ἀλλὰ
336 3365 421 3424 πάλαι
438 3365 599 3425 κέκλαυσται
615 3365 783 3446 τάνθρώπινα
797 3365 927 3445 τιμωρίαν
941 3370 1026 3443 ἡγου-

248 3454 333 3528 μένοις
347 3443 414 3511 εἶναι
428 3453 473 3512 τθν
488 3451 545 3532 βίον
555 3452 600 3513 καῖ
615 3451 700 3533 ἀρχὴν
712 3451 743 3512 τθ
757 3454 877 3532 γενέσθαι
890 3451 1027 3532 ἄνθρωπον

245 3542 381 3622 συμρορὰν
396 3539 445 3614 τὴν
458 3540 593 3620 μεγίστην.
614 3544 701 3602 Τοῦτο
714 3541 759 3618 δὲ,
774 3540 855 3623 ρησλν
867 3539 1028 3620 Ἀριστο-

244 3631 356 3702 τέλης,
368 3629 414 3689 καί
429 3629 473 3688 τὀν
491 3628 616 3703 Σειληνὸν
629 3629 810 3710 συλληρθίντα
821 3633 859 3710 τῷ
873 3627 946 3710 Μίδα
961 3631 1027 3688 οῖπο·

245 3715 384 3796 ρήνασθαι.
399 3717 506 3778 Βελτιον
528 3717 550 3776 δ’
566 3717 646 3783 αύτθς
664 3717 712 3784 τίς
725 3723 769 3778 τοῦ
791 3718 931 3798 ριλοσόιρου
944 3715 1028 3783 λε’ξεις

624 3915 646 3960 7.

276 3997 344 4046 Mutii
358 3998 435 4058 enim,
457 4002 484 4048 ut
502 3997 743 4060 incrementique
761 3997 883 4060 sapientes
897 3997 955 4060 viri,
978 4010 1026 4047 uon

246 4100 309 4136 mne
325 4087 442 4150 primum,
462 4087 505 4138 sed
527 4087 619 4152 pridem
635 4086 821 4150 deploraverunt
838 4100 878 4138 res
892 4087 1024 4148 humarias,

1084 2659 1209 2718 ἐπιπόνου
1224 2658 1269 2717 καί
1283 2656 1364 2736 τύχης
1377 2659 1497 2737 χαλεπῆς
1514 2659 1645 2739 ἐφήμερον
1656 2659 1774 2738 σπέρμα,
1786 2657 1813 2717 τί
1825 2681 1861 2734 με

1086 2748 1204 2824 βιάζεσθε
1220 2743 1305 2824 λέγειν
1315 2744 1404 2823 θύμῖν
1417 2745 1504 2826 ἄρειον
1514 2745 1552 2822 μὴ
1564 2749 1679 2823 γνῶναι,
1689 2747 1747 2822 μετ’
1756 2745 1861 2822 άγνοίοιτ

1084 2833 1135 2912 γάρ
1143 2837 1197 2892 τῶν
1212 2833 1313 2893 οἰκείων
1326 2837 1416 2893 κακῶν
1433 2834 1597 2900 ἀλυπότατος
1610 2837 1624 2892 θ
1640 2834 1704 2913 βίος·
1714 2831 1859 2913 ἀνθρώποις

1084 2921 1113 2981 δὲ
1126 2921 1240 3000 πάμπαν
1256 2925 1303 2982 oin
1314 2923 1370 2982 ἔστι
1383 2920 1504 3000 γενέσθαι
1517 2921 1549 2981 τδ
1560 2921 1667 2982 πάντων
1681 2925 1788 3002 ἄριστον
1800 2919 1860 2979 οὐδὲ
1921 2923 1925 2930 ’

1083 3009 1226 3088 μετασχεῖν
1234 3013 1280 3080 τῆς
1289 3013 1334 3068 τοῦ
1345 3008 1480 3087 βελτίστου
1490 3007 1600 3088 φύσεως·
1610 3009 1717 3086 ἄριστον
1730 3007 1782 3087 άρα
1793 3015 1861 3066 πᾶσι

1083 3097 1129 3154 καῖ
1142 3095 1238 3169 πάσαις
1251 3096 1281 3154 τὸ
1294 3095 1333 3172 μὴ
1347 3094 1476 3174 γενέσθαι·
1489 3095 1520 3154 τὸ
1535 3094 1626 3172 μέντοι
1647 3094 1715 3171 μετὰ
1725 3098 1802 3154 τοῖτο
1814 3092 1860 3150 καὶ

1083 3187 1114 3247 τό
1126 3190 1230 3268 πρῶτον
1249 3189 1302 3246 τῶν
1319 3186 1406 3245 ἄλλων
1420 3185 1548 3258 ἀνυστόν,
1566 3183 1683 3264 δεύτερον
1703 3185 1731 3244 si
1742 3184 1773 3244 τθ
1785 3207 1858 3260 γενο·

1084 3273 1176 3353 μόνους
1194 3274 1331 3334 ἀποθανεῖν
1346 3277 1380 3340 ὣς
1393 3272 1519 3352 τάχιστα.
1537 3301 1549 3324 ν
1565 3274 1652 3346 Δῆλον
1667 3265 1711 3333 σύν
1725 3275 1760 3338 ὥς
1779 3271 1858 3345 ούσης

1083 3360 1228 3439 κρείττονος
1237 3365 1284 3433 τῆς
1305 3362 1333 3420 tr
1351 3363 1390 3440 τῷ
1402 3361 1524 3420 τεθνάναι
1537 3360 1695 3441 διαγωγῆςῆ
1715 3365 1762 3431 τῆς
1781 3361 1807 3418 ἐν
1820 3363 1859 3440 τῷ

1083 3452 1130 3521 ζῆν
1145 3445 1227 3515 υύτως
1240 3447 1406 3527 ἀπεφήνατο.
1422 3473 1436 3500 ιι

1123 3536 1209 3596 Varie
1231 3537 1287 3596 hoc
1304 3537 1496 3612 fragmentum
1517 3551 1585 3615 post
1604 3536 1858 3616 wyttenbachium

1082 3643 1099 3682 a
1122 3627 1194 3683 viris
1213 3625 1308 3684 doctis
1331 3637 1471 3683 tentatum
1493 3638 1555 3697 est,
1573 3626 1731 3702 presertim
1752 3645 1770 3684 a
1789 3623 1859 3683 Ber-

1085 3715 1198 3792 naysio,
1211 3715 1313 3772 dicein.
1337 3716 1423 3785 Mus,
1439 3725 1461 3773 t.
1476 3710 1551 3784 xvi,
1566 3733 1596 3792 p.
1612 3714 1672 3771 236
1687 3733 1753 3790 sqq.
1766 3727 1795 3771 et
1806 3733 1859 3770 nu-

1081 3907 1172 3958 inuuu
1196 3907 1334 3956 uteminte'
1353 3905 1501 3955 eontineuter
1519 3909 1557 3955 est
1579 3909 1716 3969 propagata.
1737 3905 1773 3956 id
1805 3904 1859 3953 hee

1081 3995 1150 4046 rides
1168 3995 1193 4044 in
1209 4007 1252 4044 ore
1267 3992 1405 4044 nominibus
1424 4006 1478 4044 esse
1496 3993 1545 4055 jam
1567 3993 1622 4042 iude
1635 4007 1665 4042 ex
1683 3991 1787 4054 antiquis
1799 3993 1858 4040 tem-

1080 4082 1271 4146 poribustritum
1290 4079 1348 4132 iliud
1362 4081 1387 4131 et
1398 4080 1556 4131 circumferri.
1576 4105 1608 4116 -
1626 4077 1858 4140 Quodnamtinquit

246 4173 390 4236 supplicium
407 4175 539 4236 intimantes
554 4175 630 4226 vitam
642 4175 704 4226 haue
715 4189 783 4237 esse,
801 4177 826 4226 et
844 4189 946 4226 summe
958 4174 1023 4225 cata·
1079 4171 1125 4222 itte·
1137 4197 1170 4207 -
1183 4167 1270 4230 Quod,
1286 4168 1364 4233 iuquit
1381 4166 1435 4232 itte,
1454 4167 1575 4231 esuriens
1585 4179 1731 4229 sermonem,
1750 4165 1857 4216 omnium

246 4262 338 4312 mitatia
357 4263 410 4312 toeo
427 4262 945 4327 tuuotu,naseimmtnem.1soetpsum
967 4264 1022 4312 Ari-
1081 4261 1198 4325 onumen
1217 4263 1322 4311 estnon
1343 4258 1409 4310 nasci
1427 4280 1434 4309 ι
1452 4260 1550 4323 prestat
1566 4259 1647 4307 autem
1666 4258 1790 4305 momuum
1803 4269 1858 4307 esse

246 4347 343 4398 stotetes
353 4347 397 4410 ait,
408 4348 530 4411 Silenum,
540 4363 614 4413 quum
626 4350 734 4414 motinus
748 4350 778 4399 ad
789 4350 879 4400 Midam
894 4350 1026 4401 adducere·
1082 4362 1155 4412 quam
1166 4348 1248 4399 virere
1265 4347 1385 4412 :ejusque
1398 4348 1432 4397 rei
1449 4346 1532 4396 moitis
1543 4347 1599 4395 sunt
1610 4343 1727 4393 divinitus
1739 4342 1856 4408 perhibita

246 4437 294 4496 tur,
305 4438 479 4498 pronuntiasse.
490 4436 564 4500 cujus
575 4439 627 4488 haee
636 4440 693 4488 sunt
705 4441 815 4502 (prestat
825 4439 888 4499 enim
904 4439 956 4502 ipsa
969 4439 1023 4502 phi·
1077 4435 1220 4486 testimonia.
1232 4440 1310 4500 Atque
1322 4437 1369 4486 huc
1380 4435 1496 4499 pertinet,
1512 4431 1576 4496 qood
1593 4433 1713 4494 narratur,
1721 4430 1826 4482 Silenum
1838 4444 1853 4480 a

247 4522 339 4586 ΙοεομΙιὶ
349 4525 423 4576 rerba
434 4530 566 4590 ορροιιειε)
582 4527 741 4590 inflammo,
756 4527 807 4576 sivo
824 4527 884 4576 tibro
897 4528 934 4578 De
943 4525 1024 4576 auimo
1077 4525 1142 4575 Mida
1155 4526 1202 4575 isto
1218 4527 1363 4589 captumst
1374 4525 1429 4587 post
1438 4522 1586 4573 senadonem
1601 4521 1623 4570 ei
1634 4517 1772 4581 ssudtmti,
1783 4518 1854 4583 quid-

246 4607 361 4674 iaseripto
375 4629 383 4660 ι
1079 4627 1134 4663 uam
1147 4613 1265 4676 optiomm
1276 4613 1366 4663 homini
1374 4611 1526 4673 maxiouque
1538 4605 1699 4674 erodendum
1711 4609 1784 4670 asset,
1793 4607 1856 4670 prin·

280 4699 456 4761 Quamobrem,
474 4699 565 4762 iuquit,
581 4701 782 4765 praestantissime
798 4701 906 4750 omnium
927 4703 951 4749 et
970 4699 1025 4750 bea·
1079 4701 1141 4765 cipio
1152 4701 1299 4765 respondere
1309 4699 1430 4761 notuisse,
1439 4698 1563 4760 altumque
1571 4695 1693 4746 sitentium
1703 4694 1856 4744 observasse.

246 4788 353 4849 tissime,
373 4799 429 4837 eum
455 4786 535 4838 teiiees
550 4801 678 4839 censemus
697 4791 721 4840 et
740 4789 836 4851 butes,
851 4791 892 4852 qui
911 4789 960 4838 rita
977 4787 1023 4836 trac
1080 4789 1186 4840 Tandem
1208 4803 1267 4840 vero
1281 4802 1356 4851 quum
1376 4787 1442 4836 omni
1457 4784 1557 4835 artifieio
1577 4783 1695 4840 adhibito,
1716 4781 1857 4833 adduxisset

247 4875 353 4927 deiuncti
368 4878 437 4935 suat,
450 4878 502 4926 tum
520 4875 586 4927 netas
598 4880 710 4940 putamus
728 4859 905 4941 quiequamda
920 4876 950 4924 iis
963 4875 1022 4925 iatso
1078 4876 1147 4928 ilium
1160 4881 1188 4928 ut
1200 4875 1287 4940 atiquid
1301 4874 1465 4939 summust.
1477 4874 1511 4924 ita
1530 4875 1642 4922 οοιοθαοι
1659 4869 1770 4921 dixisse:
1783 4872 1857 4920 Διευ-

249 4966 291 5013 aut
320 4963 491 5013 contumeiiose
521 4961 601 5015 disere
626 4983 634 5014 ι
662 4964 751 5028 quiippe
772 4963 813 5026 qui
838 4963 945 5013 metieris
971 4962 1021 5022 iam
1078 4965 1156 5014 moosi
1169 4964 1232 5028 genii
1245 4966 1271 5015 et
1287 4963 1367 5027 gravis
1381 4963 1498 5023 tenone,
1519 4960 1545 5010 iu
1564 4959 1629 5012 diem
1645 4959 1736 5010 durans
1757 4971 1856 5021 amen,

248 5052 468 5116 prasunuorisque
480 5055 573 5102 naturae
587 5053 642 5104 tacti
661 5053 710 5104 siut
724 5055 855 5116 compotes.
874 5054 953 5114 itque
965 5051 1019 5101 hue
1078 5067 1194 5118 quorsum
1208 5067 1248 5104 ms
1265 5053 1349 5118 eogitis
1367 5065 1395 5104 ea
1416 5051 1509 5112 disere,
1528 5061 1585 5114 quas
1606 5047 1675 5098 vobis
1695 5046 1787 5098 uesoire
1805 5051 1857 5096 emt

247 5142 329 5190 nostra
343 5139 502 5191 seutentiaita
520 5142 614 5190 vetusta
634 5142 670 5190 est
683 5142 707 5190 et
720 5139 831 5202 antiqua,
846 5141 873 5190 ut
886 5141 910 5189 et
925 5141 1022 5202 tempus
1075 5139 1181 5192 metiust
1195 5139 1300 5189 maxime
1318 5137 1382 5189 enim
1406 5140 1518 5189 ναεαιιθεε
1536 5136 1619 5188 dolore
1638 5137 1735 5197 visunt,
1754 5133 1796 5200 qui
1813 5148 1857 5184 sua

248 5241 297 5290 qiio
315 5229 412 5292 repent
430 5231 454 5278 et
469 5227 520 5290 ejm
544 5231 626 5278 auctor
649 5241 746 5293 prorsus
763 5227 912 5291 ignorentur,
931 5225 973 5276 sed
990 5225 1022 5275 ab
1075 5224 1185 5290 ignorum
1200 5227 1272 5278 mals.
1291 5227 1435 5278 Hominibus
1457 5228 1539 5277 autem
1562 5224 1661 5276 omniuo
1678 5223 1797 5288 ορθιαιιιο
1819 5224 1857 5272 est
