<?xml version="1.0" encoding="UTF-8"?>
<!DOCTYPE html PUBLIC "-//W3C//DTD XHTML 1.0 Transitional//EN"
    "http://www.w3.org/TR/xhtml1/DTD/xhtml1-transitional.dtd">
<html xmlns="http://www.w3.org/1999/xhtml" xml:lang="en" lang="en">
 <head>
  <title>
</title>
<meta http-equiv="Content-Type" content="text/html;charset=utf-8" />
  <meta name='ocr-system' content='tesseract 3.04.00' />
  <meta name='ocr-capabilities' content='ocr_page ocr_carea ocr_par ocr_line ocrx_word'/>
</head>
<body>
  <div class='ocr_page' id='page_1' title='image "./fragmentaaristo01heitgoog/fragmentaaristo01heitgoog_0302.png"; bbox 0 0 4017 5984; ppageno 0'>
   <div class='ocr_carea' id='block_1_1' title="bbox 785 520 1299 619">
    <p class='ocr_par' dir='ltr' id='par_1_1' title="bbox 785 520 1299 619">
     <span class='ocr_line' id='line_1_1' title="bbox 785 520 1299 619; baseline -0.002 -34"><span class='ocrx_word' id='word_1_1' title='bbox 785 520 1031 585; x_wconf 73' lang='lat' dir='ltr'><strong>tereremus</strong></span> <span class='ocrx_word' id='word_1_2' title='bbox 1052 524 1299 619; x_wconf 70' lang='lat' dir='ltr'><strong>insonnem.</strong></span> 
     </span>
    </p>
   </div>
   <div class='ocr_carea' id='block_1_2' title="bbox 483 662 774 879">
    <p class='ocr_par' dir='ltr' id='par_1_2' title="bbox 483 662 774 879">
     <span class='ocr_line' id='line_1_2' title="bbox 483 662 774 725; baseline 0.003 -1"><span class='ocrx_word' id='word_1_3' title='bbox 483 662 774 725; x_wconf 75' lang='lat' dir='ltr'><strong>tttttlttnttttl.</strong></span> 
     </span>
     <span class='ocr_line' id='line_1_3' title="bbox 530 801 712 879; baseline 0.016 -4"><span class='ocrx_word' id='word_1_4' title='bbox 530 808 584 875; x_wconf 71' lang='grc' dir='ltr'><strong>ιιι</strong></span> <span class='ocrx_word' id='word_1_5' title='bbox 609 801 712 879; x_wconf 75' lang='grc'>(545)·</span> 
     </span>
    </p>
   </div>
   <div class='ocr_carea' id='block_1_3' title="bbox 228 938 1016 2955">
    <p class='ocr_par' dir='ltr' id='par_1_3' title="bbox 228 938 1016 2607">
     <span class='ocr_line' id='line_1_4' title="bbox 286 938 1013 1023; baseline 0.008 -26"><span class='ocrx_word' id='word_1_6' title='bbox 286 938 389 1000; x_wconf 78' lang='lat' dir='ltr'><strong>Athen.</strong></span> <span class='ocrx_word' id='word_1_7' title='bbox 408 938 490 1013; x_wconf 83' lang='lat' dir='ltr'><strong>Xlll,</strong></span> <span class='ocrx_word' id='word_1_8' title='bbox 506 962 534 1019; x_wconf 82' lang='lat' dir='ltr'><strong>p.</strong></span> <span class='ocrx_word' id='word_1_9' title='bbox 547 942 615 1015; x_wconf 80' lang='lat'><strong>576,</strong></span> <span class='ocrx_word' id='word_1_10' title='bbox 631 946 653 1001; x_wconf 81' lang='lat' dir='ltr'><strong>t</strong></span> <span class='ocrx_word' id='word_1_11' title='bbox 671 964 677 999; x_wconf 83' lang='lat'>2</span> <span class='ocrx_word' id='word_1_12' title='bbox 691 942 730 1003; x_wconf 82' lang='grc' dir='ltr'><strong>Τὸ</strong></span> <span class='ocrx_word' id='word_1_13' title='bbox 742 940 832 1019; x_wconf 76' lang='grc' dir='ltr'>ὅμοιον</span> <span class='ocrx_word' id='word_1_14' title='bbox 847 944 946 1023; x_wconf 88' lang='grc' dir='ltr'>ίστορεῖ</span> <span class='ocrx_word' id='word_1_15' title='bbox 962 966 1013 1020; x_wconf 89' lang='grc' dir='ltr'><strong>γε-</strong></span> 
     </span>
     <span class='ocr_line' id='line_1_5' title="bbox 241 1026 1015 1110; baseline 0.006 -25"><span class='ocrx_word' id='word_1_16' title='bbox 241 1026 330 1087; x_wconf 87' lang='grc' dir='ltr'>νέαδαι</span> <span class='ocrx_word' id='word_1_17' title='bbox 343 1028 387 1086; x_wconf 86' lang='grc' dir='ltr'><strong>καί</strong></span> <span class='ocrx_word' id='word_1_18' title='bbox 404 1026 634 1110; x_wconf 84' lang='grc' dir='ltr'>Ἀριστοτέλης</span> <span class='ocrx_word' id='word_1_19' title='bbox 646 1028 673 1089; x_wconf 79' lang='grc' dir='ltr'><strong>έν</strong></span> <span class='ocrx_word' id='word_1_20' title='bbox 687 1054 717 1109; x_wconf 86' lang='grc' dir='ltr'><strong>τη</strong></span> <span class='ocrx_word' id='word_1_21' title='bbox 735 1033 938 1092; x_wconf 79' lang='grc' dir='ltr'>Μασσαλιωτῶν</span> <span class='ocrx_word' id='word_1_22' title='bbox 959 1034 1015 1091; x_wconf 86' lang='grc' dir='ltr'><strong>Μο-</strong></span> 
     </span>
     <span class='ocr_line' id='line_1_6' title="bbox 228 1114 1013 1200; baseline 0.008 -26"><span class='ocrx_word' id='word_1_23' title='bbox 228 1114 326 1195; x_wconf 72' lang='grc' dir='ltr'><strong>ιλιτείρι</strong></span> <span class='ocrx_word' id='word_1_24' title='bbox 336 1114 541 1197; x_wconf 80' lang='grc' dir='ltr'>γράρωνοίίτως·</span> <span class='ocrx_word' id='word_1_25' title='bbox 555 1118 701 1185; x_wconf 76' lang='grc' dir='ltr'><strong>«Φωκαεῖς</strong></span> <span class='ocrx_word' id='word_1_26' title='bbox 717 1118 740 1179; x_wconf 90' lang='grc' dir='ltr'><strong>οί</strong></span> <span class='ocrx_word' id='word_1_27' title='bbox 756 1120 782 1177; x_wconf 82' lang='grc' dir='ltr'><strong>έν</strong></span> <span class='ocrx_word' id='word_1_28' title='bbox 795 1116 882 1200; x_wconf 80' lang='grc' dir='ltr'>Ἰωνίορ</span> <span class='ocrx_word' id='word_1_29' title='bbox 897 1118 1013 1199; x_wconf 73' lang='grc' dir='ltr'>έμπαρέᾳ</span> 
     </span>
     <span class='ocr_line' id='line_1_7' title="bbox 240 1202 1016 1286; baseline 0.008 -27"><span class='ocrx_word' id='word_1_30' title='bbox 240 1204 371 1286; x_wconf 75' lang='grc' dir='ltr'>χρεόμενοι</span> <span class='ocrx_word' id='word_1_31' title='bbox 388 1202 493 1265; x_wconf 85' lang='grc' dir='ltr'>ίκτεσαν</span> <span class='ocrx_word' id='word_1_32' title='bbox 507 1206 678 1267; x_wconf 81' lang='grc' dir='ltr'>Μασσαλίαν.</span> <span class='ocrx_word' id='word_1_33' title='bbox 695 1204 802 1277; x_wconf 79' lang='grc' dir='ltr'>Εὔξενος</span> <span class='ocrx_word' id='word_1_34' title='bbox 820 1208 868 1267; x_wconf 77' lang='grc' dir='ltr'><strong>δ’ὁ</strong></span> <span class='ocrx_word' id='word_1_35' title='bbox 886 1206 1016 1272; x_wconf 74' lang='grc' dir='ltr'>Φωκαεὺς</span> 
     </span>
     <span class='ocr_line' id='line_1_8' title="bbox 240 1285 1013 1374; baseline 0.001 -19"><span class='ocrx_word' id='word_1_36' title='bbox 240 1291 322 1373; x_wconf 84' lang='grc' dir='ltr'>Νάνῳ</span> <span class='ocrx_word' id='word_1_37' title='bbox 343 1295 381 1373; x_wconf 79' lang='grc' dir='ltr'><strong>τῷ</strong></span> <span class='ocrx_word' id='word_1_38' title='bbox 398 1296 515 1371; x_wconf 86' lang='grc' dir='ltr'>βασιλεῖ,</span> <span class='ocrx_word' id='word_1_39' title='bbox 529 1298 606 1354; x_wconf 70' lang='grc' dir='ltr'>τοῦτο</span> <span class='ocrx_word' id='word_1_40' title='bbox 621 1294 644 1352; x_wconf 87' lang='grc' dir='ltr'><strong>δ’</strong></span> <span class='ocrx_word' id='word_1_41' title='bbox 654 1285 686 1366; x_wconf 67' lang='grc' dir='ltr'><strong>ἦν</strong></span> <span class='ocrx_word' id='word_1_42' title='bbox 702 1296 774 1374; x_wconf 76' lang='grc' dir='ltr'>αὐτῷ</span> <span class='ocrx_word' id='word_1_43' title='bbox 786 1294 878 1371; x_wconf 80' lang='grc' dir='ltr'>ὄνομα,</span> <span class='ocrx_word' id='word_1_44' title='bbox 889 1287 919 1366; x_wconf 71' lang='grc' dir='ltr'><strong>ἦν</strong></span> <span class='ocrx_word' id='word_1_45' title='bbox 935 1292 1013 1363; x_wconf 83' lang='grc' dir='ltr'>ξένος.</span> 
     </span>
     <span class='ocr_line' id='line_1_9' title="bbox 240 1370 1014 1461; baseline 0.003 -22"><span class='ocrx_word' id='word_1_46' title='bbox 240 1370 325 1446; x_wconf 71' lang='grc' dir='ltr'>Οὗτος</span> <span class='ocrx_word' id='word_1_47' title='bbox 341 1380 454 1449; x_wconf 82' lang='grc' dir='ltr'>δΝαίνος</span> <span class='ocrx_word' id='word_1_48' title='bbox 465 1381 592 1441; x_wconf 85' lang='grc' dir='ltr'>έπιτελῶν</span> <span class='ocrx_word' id='word_1_49' title='bbox 612 1380 713 1458; x_wconf 91' lang='grc' dir='ltr'>γάμους</span> <span class='ocrx_word' id='word_1_50' title='bbox 731 1384 778 1453; x_wconf 76' lang='grc' dir='ltr'><strong>τῆς</strong></span> <span class='ocrx_word' id='word_1_51' title='bbox 798 1382 923 1461; x_wconf 75' lang='grc' dir='ltr'>θυγατρὸς</span> <span class='ocrx_word' id='word_1_52' title='bbox 944 1382 1014 1441; x_wconf 73' lang='grc' dir='ltr'>κατὰ</span> 
     </span>
     <span class='ocr_line' id='line_1_10' title="bbox 241 1468 1014 1549; baseline 0.005 -24"><span class='ocrx_word' id='word_1_53' title='bbox 241 1469 324 1547; x_wconf 82' lang='grc' dir='ltr'>τύχην</span> <span class='ocrx_word' id='word_1_54' title='bbox 339 1468 550 1548; x_wconf 80' lang='grc' dir='ltr'>παραγινόμενον</span> <span class='ocrx_word' id='word_1_55' title='bbox 563 1468 609 1529; x_wconf 86' lang='grc' dir='ltr'><strong>τδν</strong></span> <span class='ocrx_word' id='word_1_56' title='bbox 625 1468 732 1538; x_wconf 79' lang='grc' dir='ltr'>Εὔξενον</span> <span class='ocrx_word' id='word_1_57' title='bbox 751 1468 952 1549; x_wconf 87' lang='grc' dir='ltr'>παρακέκληκεν</span> <span class='ocrx_word' id='word_1_58' title='bbox 969 1470 1014 1529; x_wconf 67' lang='lat' dir='ltr'><strong>ivri</strong></span> 
     </span>
     <span class='ocr_line' id='line_1_11' title="bbox 239 1554 1016 1639; baseline 0.001 -24"><span class='ocrx_word' id='word_1_59' title='bbox 239 1555 287 1629; x_wconf 79' lang='grc' dir='ltr'><strong>τήν</strong></span> <span class='ocrx_word' id='word_1_60' title='bbox 298 1554 393 1630; x_wconf 83' lang='grc' dir='ltr'>θοίνην.</span> <span class='ocrx_word' id='word_1_61' title='bbox 405 1556 440 1618; x_wconf 90' lang='lat'><strong>‘0</strong></span> <span class='ocrx_word' id='word_1_62' title='bbox 454 1558 481 1617; x_wconf 81' lang='grc' dir='ltr'><strong>δὲ</strong></span> <span class='ocrx_word' id='word_1_63' title='bbox 489 1557 572 1636; x_wconf 87' lang='grc' dir='ltr'>γάμος</span> <span class='ocrx_word' id='word_1_64' title='bbox 580 1558 775 1638; x_wconf 83' lang='grc' dir='ltr'>ίγίγνετοτόνδι</span> <span class='ocrx_word' id='word_1_65' title='bbox 789 1556 833 1619; x_wconf 86' lang='grc' dir='ltr'><strong>τδν</strong></span> <span class='ocrx_word' id='word_1_66' title='bbox 848 1560 953 1639; x_wconf 89' lang='grc' dir='ltr'>τρόπον·</span> <span class='ocrx_word' id='word_1_67' title='bbox 963 1560 1016 1619; x_wconf 81' lang='grc' dir='ltr'>έδει</span> 
     </span>
     <span class='ocr_line' id='line_1_12' title="bbox 240 1644 1010 1731; baseline 0.009 -27"><span class='ocrx_word' id='word_1_68' title='bbox 240 1644 307 1721; x_wconf 83' lang='grc' dir='ltr'>μιτδ</span> <span class='ocrx_word' id='word_1_69' title='bbox 319 1645 349 1705; x_wconf 86' lang='grc' dir='ltr'><strong>τδ</strong></span> <span class='ocrx_word' id='word_1_70' title='bbox 363 1648 465 1706; x_wconf 87' lang='grc' dir='ltr'>δεῖπνον</span> <span class='ocrx_word' id='word_1_71' title='bbox 483 1649 649 1709; x_wconf 77' lang='grc' dir='ltr'>εἰσελθοῦσαν</span> <span class='ocrx_word' id='word_1_72' title='bbox 664 1649 712 1721; x_wconf 77' lang='grc' dir='ltr'><strong>τὴν</strong></span> <span class='ocrx_word' id='word_1_73' title='bbox 730 1650 813 1709; x_wconf 87' lang='grc' dir='ltr'>παῖδα</span> <span class='ocrx_word' id='word_1_74' title='bbox 824 1650 921 1731; x_wconf 80' lang='grc' dir='ltr'>φιάλην</span> <span class='ocrx_word' id='word_1_75' title='bbox 932 1673 1010 1711; x_wconf 84' lang='grc' dir='ltr'>κεκε-</span> 
     </span>
     <span class='ocr_line' id='line_1_13' title="bbox 241 1728 1014 1817; baseline 0.006 -25"><span class='ocrx_word' id='word_1_76' title='bbox 241 1735 374 1813; x_wconf 88' lang='grc' dir='ltr'>ρασμένην</span> <span class='ocrx_word' id='word_1_77' title='bbox 387 1728 535 1816; x_wconf 77' lang='grc' dir='ltr'>ᾧβοόλοιτο</span> <span class='ocrx_word' id='word_1_78' title='bbox 540 1738 629 1797; x_wconf 79' lang='grc' dir='ltr'>δοῦναι</span> <span class='ocrx_word' id='word_1_79' title='bbox 636 1741 688 1797; x_wconf 81' lang='grc' dir='ltr'><strong>τῶν</strong></span> <span class='ocrx_word' id='word_1_80' title='bbox 698 1737 834 1817; x_wconf 81' lang='grc' dir='ltr'>παρόντων</span> <span class='ocrx_word' id='word_1_81' title='bbox 843 1738 1014 1817; x_wconf 78' lang='grc' dir='ltr'>μνηστήρων,</span> 
     </span>
     <span class='ocr_line' id='line_1_14' title="bbox 239 1814 1014 1906; baseline 0.004 -24"><span class='ocrx_word' id='word_1_82' title='bbox 239 1814 300 1905; x_wconf 75' lang='grc' dir='ltr'><strong>ᾧδέ</strong></span> <span class='ocrx_word' id='word_1_83' title='bbox 310 1824 367 1895; x_wconf 87' lang='grc' dir='ltr'>δοίη</span> <span class='ocrx_word' id='word_1_84' title='bbox 382 1830 471 1885; x_wconf 82' lang='grc' dir='ltr'>τοῦτον</span> <span class='ocrx_word' id='word_1_85' title='bbox 486 1816 553 1885; x_wconf 76' lang='grc' dir='ltr'>ε’ίναι</span> <span class='ocrx_word' id='word_1_86' title='bbox 565 1824 686 1906; x_wconf 74' lang='grc' dir='ltr'>νυμφίον.</span> <span class='ocrx_word' id='word_1_87' title='bbox 702 1826 737 1887; x_wconf 90' lang='grc' dir='ltr'><em>Ἦ</em></span> <span class='ocrx_word' id='word_1_88' title='bbox 751 1824 778 1885; x_wconf 79' lang='lat' dir='ltr'><strong>tl</strong></span> <span class='ocrx_word' id='word_1_89' title='bbox 789 1830 850 1894; x_wconf 83' lang='grc' dir='ltr'>παῖς</span> <span class='ocrx_word' id='word_1_90' title='bbox 863 1828 1014 1887; x_wconf 82' lang='grc' dir='ltr'>εἰσελθοῦσα</span> 
     </span>
     <span class='ocr_line' id='line_1_15' title="bbox 239 1912 1015 1994; baseline 0.003 -24"><span class='ocrx_word' id='word_1_91' title='bbox 239 1912 344 1972; x_wconf 85' lang='grc' dir='ltr'>δίδωσιν</span> <span class='ocrx_word' id='word_1_92' title='bbox 361 1912 413 1972; x_wconf 74' lang='grc' dir='ltr'>εἴτε</span> <span class='ocrx_word' id='word_1_93' title='bbox 426 1913 479 1973; x_wconf 74' lang='grc' dir='ltr'><strong>ἀπὸ</strong></span> <span class='ocrx_word' id='word_1_94' title='bbox 493 1912 574 1994; x_wconf 75' lang='grc' dir='ltr'>τύχης</span> <span class='ocrx_word' id='word_1_95' title='bbox 583 1913 635 1976; x_wconf 90' lang='grc' dir='ltr'>είτε</span> <span class='ocrx_word' id='word_1_96' title='bbox 649 1912 694 1975; x_wconf 78' lang='grc' dir='ltr'><strong>καί</strong></span> <span class='ocrx_word' id='word_1_97' title='bbox 710 1914 744 1974; x_wconf 82' lang='grc' dir='ltr'><strong>δι’</strong></span> <span class='ocrx_word' id='word_1_98' title='bbox 758 1912 842 1987; x_wconf 83' lang='grc' dir='ltr'>άλλην</span> <span class='ocrx_word' id='word_1_99' title='bbox 855 1912 913 1973; x_wconf 89' lang='grc' dir='ltr'>τινδι</span> <span class='ocrx_word' id='word_1_100' title='bbox 928 1915 1015 1973; x_wconf 76' lang='grc' dir='ltr'>αἰτίαν</span> 
     </span>
     <span class='ocr_line' id='line_1_16' title="bbox 239 1992 1015 2080; baseline 0.004 -22"><span class='ocrx_word' id='word_1_101' title='bbox 239 2002 278 2080; x_wconf 79' lang='grc' dir='ltr'><strong>τῷ</strong></span> <span class='ocrx_word' id='word_1_102' title='bbox 296 1997 504 2080; x_wconf 59' lang='lat' dir='ltr'><strong>Eetion-diosa</strong></span> <span class='ocrx_word' id='word_1_103' title='bbox 521 2002 543 2060; x_wconf 90' lang='grc' dir='ltr'><strong>δ’</strong></span> <span class='ocrx_word' id='word_1_104' title='bbox 563 1992 594 2075; x_wconf 67' lang='grc' dir='ltr'><strong>ἦν</strong></span> <span class='ocrx_word' id='word_1_105' title='bbox 608 2006 642 2080; x_wconf 86' lang='grc' dir='ltr'><strong>τῇ</strong></span> <span class='ocrx_word' id='word_1_106' title='bbox 656 2001 731 2062; x_wconf 84' lang='grc' dir='ltr'>παιδί</span> <span class='ocrx_word' id='word_1_107' title='bbox 743 2001 845 2063; x_wconf 84' lang='grc' dir='ltr'>Πέττα.</span> <span class='ocrx_word' id='word_1_108' title='bbox 868 1999 972 2062; x_wconf 78' lang='grc' dir='ltr'>Τούτου</span> <span class='ocrx_word' id='word_1_109' title='bbox 987 2002 1015 2061; x_wconf 79' lang='grc' dir='ltr'><strong>δέ</strong></span> 
     </span>
     <span class='ocr_line' id='line_1_17' title="bbox 239 2086 1014 2170; baseline 0 -25"><span class='ocrx_word' id='word_1_110' title='bbox 239 2086 415 2165; x_wconf 88' lang='grc' dir='ltr'>συμπεσόντος</span> <span class='ocrx_word' id='word_1_111' title='bbox 428 2090 473 2148; x_wconf 81' lang='grc' dir='ltr'><strong>καί</strong></span> <span class='ocrx_word' id='word_1_112' title='bbox 487 2095 533 2149; x_wconf 77' lang='grc' dir='ltr'><strong>τοῦ</strong></span> <span class='ocrx_word' id='word_1_113' title='bbox 549 2092 648 2170; x_wconf 79' lang='grc' dir='ltr'>πατρὸς</span> <span class='ocrx_word' id='word_1_114' title='bbox 662 2088 803 2161; x_wconf 72' lang='grc' dir='ltr'>ἀξιοῦντος,</span> <span class='ocrx_word' id='word_1_115' title='bbox 817 2093 852 2157; x_wconf 79' lang='grc' dir='ltr'>ὡς</span> <span class='ocrx_word' id='word_1_116' title='bbox 871 2088 941 2148; x_wconf 84' lang='grc' dir='ltr'>κατδ</span> <span class='ocrx_word' id='word_1_117' title='bbox 956 2090 1014 2149; x_wconf 81' lang='grc' dir='ltr'>θεὸν</span> 
     </span>
     <span class='ocr_line' id='line_1_18' title="bbox 238 2169 1015 2255; baseline 0.001 -22"><span class='ocrx_word' id='word_1_118' title='bbox 238 2169 380 2253; x_wconf 81' lang='grc' dir='ltr'>γενομένης</span> <span class='ocrx_word' id='word_1_119' title='bbox 393 2178 440 2244; x_wconf 80' lang='grc' dir='ltr'><strong>τῆς</strong></span> <span class='ocrx_word' id='word_1_120' title='bbox 452 2175 562 2252; x_wconf 89' lang='grc' dir='ltr'>δόσεως,</span> <span class='ocrx_word' id='word_1_121' title='bbox 577 2176 647 2255; x_wconf 84' lang='grc' dir='ltr'>έχειν</span> <span class='ocrx_word' id='word_1_122' title='bbox 662 2175 758 2253; x_wconf 76' lang='grc' dir='ltr'>αὐτήν,</span> <span class='ocrx_word' id='word_1_123' title='bbox 772 2174 866 2235; x_wconf 77' lang='grc' dir='ltr'>έλαὸεν</span> <span class='ocrx_word' id='word_1_124' title='bbox 877 2177 891 2233; x_wconf 81' lang='grc' dir='ltr'><strong>ὁ</strong></span> <span class='ocrx_word' id='word_1_125' title='bbox 903 2173 1015 2242; x_wconf 78' lang='grc' dir='ltr'>Εὔξενος</span> 
     </span>
     <span class='ocr_line' id='line_1_19' title="bbox 238 2258 1014 2341; baseline -0.003 -20"><span class='ocrx_word' id='word_1_126' title='bbox 238 2258 1014 2341; x_wconf 77' lang='grc' dir='ltr'>μιναῑκακαίσυνῴκειμιταθίμενοςτοόνομαἈρεστοξένην.</span> 
     </span>
     <span class='ocr_line' id='line_1_20' title="bbox 241 2346 1014 2430; baseline -0.005 -21"><span class='ocrx_word' id='word_1_127' title='bbox 241 2350 295 2409; x_wconf 82' lang='grc' dir='ltr'><strong>Καὶ</strong></span> <span class='ocrx_word' id='word_1_128' title='bbox 306 2349 361 2409; x_wconf 85' lang='grc' dir='ltr'>ίετι</span> <span class='ocrx_word' id='word_1_129' title='bbox 370 2348 443 2429; x_wconf 88' lang='grc' dir='ltr'>γένος</span> <span class='ocrx_word' id='word_1_130' title='bbox 454 2352 482 2409; x_wconf 78' lang='grc' dir='ltr'><strong>ἐν</strong></span> <span class='ocrx_word' id='word_1_131' title='bbox 498 2351 645 2430; x_wconf 74' lang='grc' dir='ltr'>Μασσαλία</span> <span class='ocrx_word' id='word_1_132' title='bbox 656 2350 709 2410; x_wconf 80' lang='grc' dir='ltr'><strong>ἀπὸ</strong></span> <span class='ocrx_word' id='word_1_133' title='bbox 723 2354 770 2422; x_wconf 79' lang='grc' dir='ltr'><strong>τῆς</strong></span> <span class='ocrx_word' id='word_1_134' title='bbox 783 2346 921 2427; x_wconf 75' lang='grc' dir='ltr'>ἀνθρώπου</span> <span class='ocrx_word' id='word_1_135' title='bbox 933 2347 1014 2427; x_wconf 87' lang='grc' dir='ltr'>μέχρι</span> 
     </span>
     <span class='ocr_line' id='line_1_21' title="bbox 239 2435 1016 2520; baseline 0 -27"><span class='ocrx_word' id='word_1_136' title='bbox 239 2440 284 2494; x_wconf 78' lang='grc' dir='ltr'><strong>νῦν</strong></span> <span class='ocrx_word' id='word_1_137' title='bbox 298 2437 453 2517; x_wconf 80' lang='grc' dir='ltr'>Πρωτιάδαι</span> <span class='ocrx_word' id='word_1_138' title='bbox 472 2438 643 2517; x_wconf 79' lang='grc' dir='ltr'>καλούμενον.</span> <span class='ocrx_word' id='word_1_139' title='bbox 658 2442 768 2520; x_wconf 86' lang='grc' dir='ltr'>Πρῶτος</span> <span class='ocrx_word' id='word_1_140' title='bbox 778 2438 829 2519; x_wconf 78' lang='grc' dir='ltr'><strong>γάρ</strong></span> <span class='ocrx_word' id='word_1_141' title='bbox 843 2436 946 2514; x_wconf 81' lang='grc' dir='ltr'>ίγένετο</span> <span class='ocrx_word' id='word_1_142' title='bbox 961 2435 1016 2503; x_wconf 69' lang='lat' dir='ltr'><strong>etl&lt;</strong></span> 
     </span>
     <span class='ocr_line' id='line_1_22' title="bbox 238 2522 705 2607; baseline 0.009 -24"><span class='ocrx_word' id='word_1_143' title='bbox 238 2522 352 2591; x_wconf 76' lang='grc' dir='ltr'>Εὐξένου</span> <span class='ocrx_word' id='word_1_144' title='bbox 366 2526 472 2597; x_wconf 78' lang='grc' dir='ltr'>καὶτῆς</span> <span class='ocrx_word' id='word_1_145' title='bbox 486 2524 673 2607; x_wconf 73' lang='grc' dir='ltr'>Ἀριστοξένης.</span> <span class='ocrx_word' id='word_1_146' title='bbox 692 2552 705 2581; x_wconf 86' lang='grc' dir='ltr'>ν</span> 
     </span>
    </p>

    <p class='ocr_par' dir='ltr' id='par_1_4' title="bbox 237 2610 1015 2955">
     <span class='ocr_line' id='line_1_23' title="bbox 280 2610 1015 2690; baseline -0.001 -21"><span class='ocrx_word' id='word_1_147' title='bbox 280 2612 368 2690; x_wconf 72' lang='lat' dir='ltr'><strong>Apud</strong></span> <span class='ocrx_word' id='word_1_148' title='bbox 389 2611 576 2671; x_wconf 82' lang='lat' dir='ltr'>Plutarchum</span> <span class='ocrx_word' id='word_1_149' title='bbox 597 2613 629 2671; x_wconf 89' lang='lat' dir='ltr'><strong>in</strong></span> <span class='ocrx_word' id='word_1_150' title='bbox 652 2612 717 2671; x_wconf 76' lang='lat' dir='ltr'><strong>Vita</strong></span> <span class='ocrx_word' id='word_1_151' title='bbox 735 2612 852 2670; x_wconf 88' lang='lat' dir='ltr'><strong>Solonis</strong></span> <span class='ocrx_word' id='word_1_152' title='bbox 872 2632 898 2669; x_wconf 87' lang='lat' dir='ltr'><strong>c.</strong></span> <span class='ocrx_word' id='word_1_153' title='bbox 916 2631 951 2681; x_wconf 83' lang='lat' dir='ltr'><strong>a,</strong></span> <span class='ocrx_word' id='word_1_154' title='bbox 965 2610 1015 2669; x_wconf 88' lang='lat' dir='ltr'><strong>hic</strong></span> 
     </span>
     <span class='ocr_line' id='line_1_24' title="bbox 238 2699 1012 2772; baseline 0 -15"><span class='ocrx_word' id='word_1_155' title='bbox 238 2700 342 2759; x_wconf 90' lang='lat' dir='ltr'><strong>Protus</strong></span> <span class='ocrx_word' id='word_1_156' title='bbox 365 2700 500 2759; x_wconf 86' lang='lat' dir='ltr'><strong>conditor</strong></span> <span class='ocrx_word' id='word_1_157' title='bbox 518 2700 603 2760; x_wconf 86' lang='lat' dir='ltr'><strong>urbis</strong></span> <span class='ocrx_word' id='word_1_158' title='bbox 621 2700 759 2761; x_wconf 65' lang='lat' dir='ltr'><strong>Massilia</strong></span> <span class='ocrx_word' id='word_1_159' title='bbox 783 2700 871 2761; x_wconf 87' lang='lat' dir='ltr'><strong>fuisse</strong></span> <span class='ocrx_word' id='word_1_160' title='bbox 893 2699 1012 2772; x_wconf 86' lang='lat' dir='ltr'><strong>dicitur,</strong></span> 
     </span>
     <span class='ocr_line' id='line_1_25' title="bbox 238 2787 1012 2869; baseline -0.003 -23"><span class='ocrx_word' id='word_1_161' title='bbox 238 2788 315 2866; x_wconf 84' lang='lat' dir='ltr'><strong>apud</strong></span> <span class='ocrx_word' id='word_1_162' title='bbox 330 2787 477 2847; x_wconf 82' lang='lat' dir='ltr'><strong>lustinum</strong></span> <span class='ocrx_word' id='word_1_163' title='bbox 492 2808 583 2861; x_wconf 87' lang='lat' dir='ltr'><strong>vero,</strong></span> <span class='ocrx_word' id='word_1_164' title='bbox 601 2790 654 2867; x_wconf 91' lang='lat' dir='ltr'><strong>qui</strong></span> <span class='ocrx_word' id='word_1_165' title='bbox 669 2808 729 2849; x_wconf 89' lang='lat' dir='ltr'><strong>rem</strong></span> <span class='ocrx_word' id='word_1_166' title='bbox 743 2790 831 2869; x_wconf 82' lang='lat' dir='ltr'><strong>paulo</strong></span> <span class='ocrx_word' id='word_1_167' title='bbox 849 2789 934 2846; x_wconf 88' lang='lat' dir='ltr'><strong>aliter</strong></span> <span class='ocrx_word' id='word_1_168' title='bbox 944 2806 1012 2855; x_wconf 79' lang='lat' dir='ltr'><strong>nar·</strong></span> 
     </span>
     <span class='ocr_line' id='line_1_26' title="bbox 237 2873 752 2955; baseline 0.008 -22"><span class='ocrx_word' id='word_1_169' title='bbox 237 2888 281 2935; x_wconf 85' lang='lat' dir='ltr'><strong>rat</strong></span> <span class='ocrx_word' id='word_1_170' title='bbox 298 2873 410 2954; x_wconf 79' lang='lat' dir='ltr'><strong>illiti,</strong></span> <span class='ocrx_word' id='word_1_171' title='bbox 434 2877 450 2931; x_wconf 79' lang='lat'>3</span> <span class='ocrx_word' id='word_1_172' title='bbox 465 2876 563 2935; x_wconf 85' lang='lat' dir='ltr'><strong>Protis</strong></span> <span class='ocrx_word' id='word_1_173' title='bbox 577 2877 752 2955; x_wconf 86' lang='lat' dir='ltr'><strong>appellatur.</strong></span> 
     </span>
    </p>
   </div>
   <div class='ocr_carea' id='block_1_4' title="bbox 531 3024 709 3105">
    <p class='ocr_par' dir='ltr' id='par_1_5' title="bbox 531 3024 709 3105">
     <span class='ocr_line' id='line_1_27' title="bbox 531 3024 709 3105; baseline 0.017 -23"><span class='ocrx_word' id='word_1_174' title='bbox 531 3024 585 3097; x_wconf 83' lang='lat'><strong>175</strong></span> <span class='ocrx_word' id='word_1_175' title='bbox 610 3024 709 3105; x_wconf 73' lang='lat'>(546).</span> 
     </span>
    </p>
   </div>
   <div class='ocr_carea' id='block_1_5' title="bbox 236 3154 1014 3500">
    <p class='ocr_par' dir='ltr' id='par_1_6' title="bbox 236 3154 1014 3500">
     <span class='ocr_line' id='line_1_28' title="bbox 279 3154 1010 3236; baseline 0 -23"><span class='ocrx_word' id='word_1_176' title='bbox 279 3154 491 3234; x_wconf 77' lang='lat' dir='ltr'><strong>Harpocration</strong></span> <span class='ocrx_word' id='word_1_177' title='bbox 503 3175 527 3214; x_wconf 87' lang='lat' dir='ltr'><strong>s.</strong></span> <span class='ocrx_word' id='word_1_178' title='bbox 543 3176 573 3215; x_wconf 84' lang='lat' dir='ltr'><strong>v.</strong></span> <span class='ocrx_word' id='word_1_179' title='bbox 597 3156 747 3216; x_wconf 90' lang='grc' dir='ltr'>Μασσαλία</span> <span class='ocrx_word' id='word_1_180' title='bbox 763 3178 771 3213; x_wconf 80' lang='grc' dir='ltr'>ι</span> <span class='ocrx_word' id='word_1_181' title='bbox 785 3154 939 3236; x_wconf 81' lang='grc' dir='ltr'>Ἰσοκράτης</span> <span class='ocrx_word' id='word_1_182' title='bbox 961 3156 1010 3233; x_wconf 86' lang='grc' dir='ltr'>μέν</span> 
     </span>
     <span class='ocr_line' id='line_1_29' title="bbox 237 3241 1008 3323; baseline 0.004 -24"><span class='ocrx_word' id='word_1_183' title='bbox 237 3264 315 3321; x_wconf 75' lang='grc' dir='ltr'>φησιν</span> <span class='ocrx_word' id='word_1_184' title='bbox 331 3244 357 3299; x_wconf 83' lang='grc' dir='ltr'><strong>έν</strong></span> <span class='ocrx_word' id='word_1_185' title='bbox 378 3241 529 3321; x_wconf 81' lang='grc' dir='ltr'>Ἀρχιδάμῳ</span> <span class='ocrx_word' id='word_1_186' title='bbox 554 3243 585 3319; x_wconf 77' lang='lat' dir='ltr'><strong>(s</strong></span> <span class='ocrx_word' id='word_1_187' title='bbox 605 3242 659 3317; x_wconf 72' lang='grc' dir='ltr'>δίς)</span> <span class='ocrx_word' id='word_1_188' title='bbox 683 3245 717 3310; x_wconf 81' lang='grc' dir='ltr'><strong>ως</strong></span> <span class='ocrx_word' id='word_1_189' title='bbox 733 3244 860 3311; x_wconf 81' lang='grc' dir='ltr'>Φωκαεῖς</span> <span class='ocrx_word' id='word_1_190' title='bbox 885 3244 1008 3323; x_wconf 71' lang='grc' dir='ltr'>φυγόντες</span> 
     </span>
     <span class='ocr_line' id='line_1_30' title="bbox 236 3330 1012 3408; baseline 0.004 -21"><span class='ocrx_word' id='word_1_191' title='bbox 236 3330 284 3403; x_wconf 76' lang='grc' dir='ltr'><strong>τὴν</strong></span> <span class='ocrx_word' id='word_1_192' title='bbox 299 3334 346 3389; x_wconf 77' lang='grc' dir='ltr'><strong>τοῦ</strong></span> <span class='ocrx_word' id='word_1_193' title='bbox 364 3330 479 3406; x_wconf 82' lang='grc' dir='ltr'>μεγάλου</span> <span class='ocrx_word' id='word_1_194' title='bbox 495 3330 623 3408; x_wconf 85' lang='grc' dir='ltr'>βασιλέως</span> <span class='ocrx_word' id='word_1_195' title='bbox 635 3330 788 3391; x_wconf 85' lang='grc' dir='ltr'>δεσποτείαν</span> <span class='ocrx_word' id='word_1_196' title='bbox 803 3333 839 3398; x_wconf 82' lang='grc' dir='ltr'><strong>είς</strong></span> <span class='ocrx_word' id='word_1_197' title='bbox 852 3332 1012 3392; x_wconf 84' lang='grc' dir='ltr'>Μασσαλίαν</span> 
     </span>
     <span class='ocr_line' id='line_1_31' title="bbox 238 3414 1014 3500; baseline 0.003 -24"><span class='ocrx_word' id='word_1_198' title='bbox 238 3416 393 3499; x_wconf 72' lang='grc' dir='ltr'>ἀπῴκησαν·</span> <span class='ocrx_word' id='word_1_199' title='bbox 408 3415 449 3477; x_wconf 81' lang='grc' dir='ltr'><strong>ότι</strong></span> <span class='ocrx_word' id='word_1_200' title='bbox 464 3414 491 3476; x_wconf 87' lang='grc' dir='ltr'><strong>δί</strong></span> <span class='ocrx_word' id='word_1_201' title='bbox 515 3418 567 3497; x_wconf 81' lang='grc' dir='ltr'><strong>πρὸ</strong></span> <span class='ocrx_word' id='word_1_202' title='bbox 588 3416 686 3478; x_wconf 80' lang='grc' dir='ltr'>τούτων</span> <span class='ocrx_word' id='word_1_203' title='bbox 705 3422 757 3477; x_wconf 84' lang='grc' dir='ltr'><strong>τῶν</strong></span> <span class='ocrx_word' id='word_1_204' title='bbox 768 3418 869 3500; x_wconf 87' lang='grc' dir='ltr'>χρόνων</span> <span class='ocrx_word' id='word_1_205' title='bbox 890 3418 942 3491; x_wconf 79' lang='grc' dir='ltr'>ἤδη</span> <span class='ocrx_word' id='word_1_206' title='bbox 961 3418 1014 3479; x_wconf 70' lang='lat' dir='ltr'><strong>iai</strong></span> 
     </span>
    </p>
   </div>
   <div class='ocr_carea' id='block_1_6' title="bbox 498 3611 746 3662">
    <p class='ocr_par' dir='ltr' id='par_1_7' title="bbox 498 3611 746 3662">
     <span class='ocr_line' id='line_1_32' title="bbox 498 3611 746 3662; baseline 0.004 -2"><span class='ocrx_word' id='word_1_207' title='bbox 498 3611 746 3662; x_wconf 76' lang='lat' dir='ltr'><strong>Messttfflitsttttt.</strong></span> 
     </span>
    </p>
   </div>
   <div class='ocr_carea' id='block_1_7' title="bbox 597 3730 649 3778">
    <p class='ocr_par' dir='ltr' id='par_1_8' title="bbox 597 3730 649 3778">
     <span class='ocr_line' id='line_1_33' title="bbox 597 3730 649 3778; baseline 0.019 -2"><span class='ocrx_word' id='word_1_208' title='bbox 597 3730 649 3778; x_wconf 80' lang='lat'>174.</span> 
     </span>
    </p>
   </div>
   <div class='ocr_carea' id='block_1_8' title="bbox 235 3834 1014 5210">
    <p class='ocr_par' dir='ltr' id='par_1_9' title="bbox 235 3834 1014 5210">
     <span class='ocr_line' id='line_1_34' title="bbox 267 3834 1013 3887; baseline -0.003 0"><span class='ocrx_word' id='word_1_209' title='bbox 267 3836 376 3887; x_wconf 85' lang='lat' dir='ltr'><strong>Similem</strong></span> <span class='ocrx_word' id='word_1_210' title='bbox 390 3837 518 3887; x_wconf 73' lang='lat' dir='ltr'><strong>historiam</strong></span> <span class='ocrx_word' id='word_1_211' title='bbox 529 3840 614 3887; x_wconf 87' lang='lat' dir='ltr'><strong>narrat</strong></span> <span class='ocrx_word' id='word_1_212' title='bbox 627 3834 771 3887; x_wconf 81' lang='lat' dir='ltr'><strong>Aristoteles</strong></span> <span class='ocrx_word' id='word_1_213' title='bbox 783 3836 808 3886; x_wconf 87' lang='lat' dir='ltr'><strong>in</strong></span> <span class='ocrx_word' id='word_1_214' title='bbox 824 3836 1013 3887; x_wconf 78' lang='lat' dir='ltr'>Massiliensium</span> 
     </span>
     <span class='ocr_line' id='line_1_35' title="bbox 236 3922 1014 3987; baseline -0.003 -14"><span class='ocrx_word' id='word_1_215' title='bbox 236 3922 369 3987; x_wconf 85' lang='lat' dir='ltr'><strong>ltepubllea</strong></span> <span class='ocrx_word' id='word_1_216' title='bbox 383 3922 418 3973; x_wconf 86' lang='lat' dir='ltr'><strong>ita</strong></span> <span class='ocrx_word' id='word_1_217' title='bbox 431 3923 541 3974; x_wconf 83' lang='lat' dir='ltr'><strong>scribens</strong></span> <span class='ocrx_word' id='word_1_218' title='bbox 554 3944 560 3973; x_wconf 80' lang='grc' dir='ltr'>ι</span> <span class='ocrx_word' id='word_1_219' title='bbox 574 3924 738 3974; x_wconf 78' lang='lat' dir='ltr'><strong>Phoeaeenses</strong></span> <span class='ocrx_word' id='word_1_220' title='bbox 749 3924 837 3985; x_wconf 80' lang='lat' dir='ltr'><strong>lontio,</strong></span> <span class='ocrx_word' id='word_1_221' title='bbox 847 3927 1014 3975; x_wconf 73' lang='lat' dir='ltr'><strong>mercaturam</strong></span> 
     </span>
     <span class='ocr_line' id='line_1_36' title="bbox 235 4010 1013 4073; baseline 0.001 -13"><span class='ocrx_word' id='word_1_222' title='bbox 235 4010 364 4073; x_wconf 82' lang='lat' dir='ltr'><strong>iacientes,</strong></span> <span class='ocrx_word' id='word_1_223' title='bbox 385 4012 519 4062; x_wconf 74' lang='lat' dir='ltr'><strong>Massiliam</strong></span> <span class='ocrx_word' id='word_1_224' title='bbox 542 4011 680 4063; x_wconf 79' lang='lat' dir='ltr'><strong>condidere.</strong></span> <span class='ocrx_word' id='word_1_225' title='bbox 699 4016 814 4063; x_wconf 72' lang='lat' dir='ltr'><strong>Eusenos</strong></span> <span class='ocrx_word' id='word_1_226' title='bbox 837 4015 921 4062; x_wconf 87' lang='lat' dir='ltr'><strong>autem</strong></span> <span class='ocrx_word' id='word_1_227' title='bbox 945 4012 1013 4061; x_wconf 83' lang='lat' dir='ltr'><strong>Pho·</strong></span> 
     </span>
     <span class='ocr_line' id='line_1_37' title="bbox 236 4100 1014 4165; baseline -0.005 -13"><span class='ocrx_word' id='word_1_228' title='bbox 236 4100 338 4152; x_wconf 75' lang='lat' dir='ltr'><strong>casensis</strong></span> <span class='ocrx_word' id='word_1_229' title='bbox 350 4100 455 4165; x_wconf 85' lang='lat' dir='ltr'><strong>hospitio</strong></span> <span class='ocrx_word' id='word_1_230' title='bbox 468 4100 583 4151; x_wconf 85' lang='lat' dir='ltr'><strong>utebatur</strong></span> <span class='ocrx_word' id='word_1_231' title='bbox 592 4102 671 4163; x_wconf 87' lang='lat' dir='ltr'><strong>Mani;</strong></span> <span class='ocrx_word' id='word_1_232' title='bbox 684 4114 771 4151; x_wconf 87' lang='lat' dir='ltr'><strong>nomen</strong></span> <span class='ocrx_word' id='word_1_233' title='bbox 783 4100 809 4151; x_wconf 91' lang='lat' dir='ltr'><strong>id</strong></span> <span class='ocrx_word' id='word_1_234' title='bbox 822 4101 873 4163; x_wconf 74' lang='lat' dir='ltr'><strong>regi</strong></span> <span class='ocrx_word' id='word_1_235' title='bbox 886 4103 951 4150; x_wconf 86' lang='lat' dir='ltr'><strong>erat.</strong></span> <span class='ocrx_word' id='word_1_236' title='bbox 968 4100 1014 4149; x_wconf 87' lang='lat' dir='ltr'><strong>ilie</strong></span> 
     </span>
     <span class='ocr_line' id='line_1_38' title="bbox 235 4189 1012 4253; baseline -0.003 -14"><span class='ocrx_word' id='word_1_237' title='bbox 235 4192 320 4243; x_wconf 81' lang='lat' dir='ltr'><strong>Metus</strong></span> <span class='ocrx_word' id='word_1_238' title='bbox 340 4203 418 4253; x_wconf 81' lang='lat' dir='ltr'><strong>quum</strong></span> <span class='ocrx_word' id='word_1_239' title='bbox 435 4189 534 4253; x_wconf 83' lang='lat' dir='ltr'><strong>nuptias</strong></span> <span class='ocrx_word' id='word_1_240' title='bbox 553 4189 689 4240; x_wconf 82' lang='lat' dir='ltr'><strong>celebraret</strong></span> <span class='ocrx_word' id='word_1_241' title='bbox 708 4189 766 4241; x_wconf 81' lang='lat' dir='ltr'><strong>litiae</strong></span> <span class='ocrx_word' id='word_1_242' title='bbox 786 4202 853 4250; x_wconf 75' lang='lat' dir='ltr'><strong>sue,</strong></span> <span class='ocrx_word' id='word_1_243' title='bbox 868 4192 1012 4251; x_wconf 79' lang='grc' dir='ltr'>Ευποαυιη,</span> 
     </span>
     <span class='ocr_line' id='line_1_39' title="bbox 236 4275 1010 4341; baseline -0.003 -15"><span class='ocrx_word' id='word_1_244' title='bbox 236 4278 279 4341; x_wconf 85' lang='lat' dir='ltr'><strong>qui</strong></span> <span class='ocrx_word' id='word_1_245' title='bbox 290 4281 349 4329; x_wconf 87' lang='lat' dir='ltr'><strong>tunc</strong></span> <span class='ocrx_word' id='word_1_246' title='bbox 361 4278 424 4327; x_wconf 85' lang='lat' dir='ltr'><strong>torte</strong></span> <span class='ocrx_word' id='word_1_247' title='bbox 435 4276 571 4327; x_wconf 75' lang='lat' dir='ltr'><strong>Massiliam</strong></span> <span class='ocrx_word' id='word_1_248' title='bbox 585 4276 730 4339; x_wconf 82' lang='lat' dir='ltr'><strong>advenerat,</strong></span> <span class='ocrx_word' id='word_1_249' title='bbox 745 4276 777 4327; x_wconf 91' lang='lat' dir='ltr'><strong>ad</strong></span> <span class='ocrx_word' id='word_1_250' title='bbox 792 4276 893 4341; x_wconf 83' lang='lat' dir='ltr'><strong>epulum</strong></span> <span class='ocrx_word' id='word_1_251' title='bbox 902 4275 1010 4326; x_wconf 81' lang='lat' dir='ltr'><strong>votavit.</strong></span> 
     </span>
     <span class='ocr_line' id='line_1_40' title="bbox 235 4364 1012 4431; baseline -0.004 -14"><span class='ocrx_word' id='word_1_252' title='bbox 235 4366 379 4428; x_wconf 71' lang='lat' dir='ltr'><strong>Agebantur</strong></span> <span class='ocrx_word' id='word_1_253' title='bbox 392 4369 476 4417; x_wconf 84' lang='lat' dir='ltr'><strong>autem</strong></span> <span class='ocrx_word' id='word_1_254' title='bbox 489 4366 581 4429; x_wconf 76' lang='lat' dir='ltr'><strong>nuptie</strong></span> <span class='ocrx_word' id='word_1_255' title='bbox 592 4364 636 4416; x_wconf 92' lang='lat' dir='ltr'><strong>tali</strong></span> <span class='ocrx_word' id='word_1_256' title='bbox 650 4364 724 4417; x_wconf 91' lang='lat' dir='ltr'><strong>modo</strong></span> <span class='ocrx_word' id='word_1_257' title='bbox 737 4386 744 4416; x_wconf 77' lang='grc' dir='ltr'><strong>τ</strong></span> <span class='ocrx_word' id='word_1_258' title='bbox 757 4370 812 4431; x_wconf 85' lang='lat' dir='ltr'><strong>post</strong></span> <span class='ocrx_word' id='word_1_259' title='bbox 827 4380 922 4416; x_wconf 79' lang='lat' dir='ltr'><strong>ennam</strong></span> <span class='ocrx_word' id='word_1_260' title='bbox 936 4379 1012 4430; x_wconf 82' lang='lat' dir='ltr'><strong>opor-</strong></span> 
     </span>
     <span class='ocr_line' id='line_1_41' title="bbox 237 4448 1012 4515; baseline 0.001 -17"><span class='ocrx_word' id='word_1_261' title='bbox 237 4448 306 4500; x_wconf 85' lang='lat' dir='ltr'><strong>tebat</strong></span> <span class='ocrx_word' id='word_1_262' title='bbox 322 4448 441 4515; x_wconf 80' lang='lat' dir='ltr'><strong>virginem</strong></span> <span class='ocrx_word' id='word_1_263' title='bbox 454 4450 478 4499; x_wconf 90' lang='lat' dir='ltr'><strong>in</strong></span> <span class='ocrx_word' id='word_1_264' title='bbox 496 4450 649 4501; x_wconf 70' lang='lat' dir='ltr'><strong>cenaculum</strong></span> <span class='ocrx_word' id='word_1_265' title='bbox 666 4450 771 4514; x_wconf 82' lang='lat' dir='ltr'><strong>intrare,</strong></span> <span class='ocrx_word' id='word_1_266' title='bbox 783 4452 809 4500; x_wconf 90' lang='lat' dir='ltr'><strong>et</strong></span> <span class='ocrx_word' id='word_1_267' title='bbox 828 4450 880 4500; x_wconf 83' lang='lat' dir='ltr'><strong>vini</strong></span> <span class='ocrx_word' id='word_1_268' title='bbox 900 4454 1012 4514; x_wconf 86' lang='lat' dir='ltr'><strong>pateram</strong></span> 
     </span>
     <span class='ocr_line' id='line_1_42' title="bbox 236 4536 1013 4605; baseline 0 -18"><span class='ocrx_word' id='word_1_269' title='bbox 236 4536 278 4587; x_wconf 85' lang='lat' dir='ltr'><strong>cui</strong></span> <span class='ocrx_word' id='word_1_270' title='bbox 297 4536 372 4587; x_wconf 81' lang='lat' dir='ltr'><strong>vellet</strong></span> <span class='ocrx_word' id='word_1_271' title='bbox 390 4550 420 4587; x_wconf 80' lang='lat' dir='ltr'><strong>ex</strong></span> <span class='ocrx_word' id='word_1_272' title='bbox 439 4538 603 4601; x_wconf 75' lang='lat' dir='ltr'><strong>presentibus</strong></span> <span class='ocrx_word' id='word_1_273' title='bbox 620 4538 703 4605; x_wconf 85' lang='lat' dir='ltr'><strong>procis</strong></span> <span class='ocrx_word' id='word_1_274' title='bbox 730 4538 843 4597; x_wconf 85' lang='lat' dir='ltr'><strong>tradere;</strong></span> <span class='ocrx_word' id='word_1_275' title='bbox 864 4537 905 4587; x_wconf 87' lang='lat' dir='ltr'><strong>cui</strong></span> <span class='ocrx_word' id='word_1_276' title='bbox 929 4541 1013 4587; x_wconf 86' lang='lat' dir='ltr'><strong>autem</strong></span> 
     </span>
     <span class='ocr_line' id='line_1_43' title="bbox 237 4620 1014 4690; baseline 0.003 -19"><span class='ocrx_word' id='word_1_277' title='bbox 237 4620 395 4683; x_wconf 75' lang='lat' dir='ltr'><strong>indidisset,</strong></span> <span class='ocrx_word' id='word_1_278' title='bbox 407 4622 429 4671; x_wconf 88' lang='lat' dir='ltr'><strong>is</strong></span> <span class='ocrx_word' id='word_1_279' title='bbox 446 4636 551 4687; x_wconf 85' lang='lat' dir='ltr'><strong>sponsus</strong></span> <span class='ocrx_word' id='word_1_280' title='bbox 563 4626 624 4675; x_wconf 87' lang='lat' dir='ltr'><strong>erat.</strong></span> <span class='ocrx_word' id='word_1_281' title='bbox 642 4626 755 4690; x_wconf 80' lang='lat' dir='ltr'><strong>ingresse</strong></span> <span class='ocrx_word' id='word_1_282' title='bbox 775 4624 851 4687; x_wconf 70' lang='lat' dir='ltr'><strong>igilur</strong></span> <span class='ocrx_word' id='word_1_283' title='bbox 870 4622 953 4687; x_wconf 78' lang='lat' dir='ltr'><strong>virgo,</strong></span> <span class='ocrx_word' id='word_1_284' title='bbox 972 4637 1014 4688; x_wconf 85' lang='lat' dir='ltr'><strong>pa-</strong></span> 
     </span>
     <span class='ocr_line' id='line_1_44' title="bbox 236 4710 1012 4773; baseline 0.001 -10"><span class='ocrx_word' id='word_1_285' title='bbox 236 4716 314 4763; x_wconf 88' lang='lat' dir='ltr'><strong>teram</strong></span> <span class='ocrx_word' id='word_1_286' title='bbox 332 4710 385 4761; x_wconf 86' lang='lat' dir='ltr'><strong>sire</strong></span> <span class='ocrx_word' id='word_1_287' title='bbox 395 4725 469 4773; x_wconf 78' lang='lat' dir='ltr'><strong>casu,</strong></span> <span class='ocrx_word' id='word_1_288' title='bbox 491 4713 544 4763; x_wconf 86' lang='lat' dir='ltr'><strong>sire</strong></span> <span class='ocrx_word' id='word_1_289' title='bbox 559 4714 607 4763; x_wconf 84' lang='lat' dir='ltr'><strong>alis</strong></span> <span class='ocrx_word' id='word_1_290' title='bbox 626 4713 658 4764; x_wconf 89' lang='lat' dir='ltr'><strong>de</strong></span> <span class='ocrx_word' id='word_1_291' title='bbox 672 4728 748 4765; x_wconf 86' lang='lat' dir='ltr'><strong>causa</strong></span> <span class='ocrx_word' id='word_1_292' title='bbox 765 4714 868 4765; x_wconf 77' lang='lat' dir='ltr'><strong>tradidit</strong></span> <span class='ocrx_word' id='word_1_293' title='bbox 884 4716 986 4764; x_wconf 73' lang='lat' dir='ltr'><strong>Eusene</strong></span> <span class='ocrx_word' id='word_1_294' title='bbox 1005 4735 1012 4764; x_wconf 73' lang='grc' dir='ltr'><strong>ι</strong></span> 
     </span>
     <span class='ocr_line' id='line_1_45' title="bbox 237 4800 1011 4867; baseline 0 -16"><span class='ocrx_word' id='word_1_295' title='bbox 237 4815 324 4853; x_wconf 88' lang='lat' dir='ltr'><strong>nomen</strong></span> <span class='ocrx_word' id='word_1_296' title='bbox 339 4800 428 4865; x_wconf 73' lang='lat' dir='ltr'><strong>virgini</strong></span> <span class='ocrx_word' id='word_1_297' title='bbox 446 4804 517 4851; x_wconf 76' lang='lat' dir='ltr'><strong>Pelle</strong></span> <span class='ocrx_word' id='word_1_298' title='bbox 534 4805 597 4853; x_wconf 87' lang='lat' dir='ltr'><strong>erat.</strong></span> <span class='ocrx_word' id='word_1_299' title='bbox 619 4804 657 4853; x_wconf 90' lang='lat' dir='ltr'><strong>lta</strong></span> <span class='ocrx_word' id='word_1_300' title='bbox 678 4816 756 4866; x_wconf 85' lang='lat' dir='ltr'><strong>quum</strong></span> <span class='ocrx_word' id='word_1_301' title='bbox 775 4802 918 4865; x_wconf 85' lang='lat' dir='ltr'><strong>accidisset,</strong></span> <span class='ocrx_word' id='word_1_302' title='bbox 932 4806 1011 4867; x_wconf 82' lang='lat' dir='ltr'><strong>pater,</strong></span> 
     </span>
     <span class='ocr_line' id='line_1_46' title="bbox 238 4889 1013 4954; baseline 0 -15"><span class='ocrx_word' id='word_1_303' title='bbox 238 4894 307 4941; x_wconf 86' lang='lat' dir='ltr'><strong>ratus</strong></span> <span class='ocrx_word' id='word_1_304' title='bbox 319 4889 416 4941; x_wconf 83' lang='lat' dir='ltr'><strong>volente</strong></span> <span class='ocrx_word' id='word_1_305' title='bbox 435 4889 483 4940; x_wconf 90' lang='lat' dir='ltr'><strong>deo</strong></span> <span class='ocrx_word' id='word_1_306' title='bbox 494 4889 552 4941; x_wconf 83' lang='lat' dir='ltr'><strong>haic</strong></span> <span class='ocrx_word' id='word_1_307' title='bbox 563 4894 674 4954; x_wconf 82' lang='lat' dir='ltr'><strong>peterem</strong></span> <span class='ocrx_word' id='word_1_308' title='bbox 690 4904 744 4941; x_wconf 86' lang='lat' dir='ltr'><strong>esse</strong></span> <span class='ocrx_word' id='word_1_309' title='bbox 763 4890 893 4951; x_wconf 78' lang='lat' dir='ltr'><strong>traditam,</strong></span> <span class='ocrx_word' id='word_1_310' title='bbox 912 4902 1013 4952; x_wconf 74' lang='lat' dir='ltr'><strong>amam</strong></span> 
     </span>
     <span class='ocr_line' id='line_1_47' title="bbox 237 4974 1013 5039; baseline 0.001 -15"><span class='ocrx_word' id='word_1_311' title='bbox 237 4974 332 5025; x_wconf 82' lang='lat' dir='ltr'><strong>censuit</strong></span> <span class='ocrx_word' id='word_1_312' title='bbox 354 4978 381 5025; x_wconf 88' lang='lat' dir='ltr'><strong>ut</strong></span> <span class='ocrx_word' id='word_1_313' title='bbox 395 4978 495 5025; x_wconf 79' lang='lat' dir='ltr'><strong>liuteno</strong></span> <span class='ocrx_word' id='word_1_314' title='bbox 512 4974 672 5025; x_wconf 78' lang='lat' dir='ltr'><strong>collocaretur</strong></span> <span class='ocrx_word' id='word_1_315' title='bbox 690 4974 740 5025; x_wconf 80' lang='lat' dir='ltr'><strong>lilia</strong></span> <span class='ocrx_word' id='word_1_316' title='bbox 760 4995 766 5027; x_wconf 69' lang='grc' dir='ltr'>ι</span> <span class='ocrx_word' id='word_1_317' title='bbox 785 4974 856 5039; x_wconf 84' lang='lat' dir='ltr'><strong>isque</strong></span> <span class='ocrx_word' id='word_1_318' title='bbox 872 4988 926 5025; x_wconf 85' lang='lat' dir='ltr'><strong>eam</strong></span> <span class='ocrx_word' id='word_1_319' title='bbox 940 4975 1013 5026; x_wconf 80' lang='lat' dir='ltr'><strong>duxit</strong></span> 
     </span>
     <span class='ocr_line' id='line_1_48' title="bbox 238 5062 1013 5129; baseline 0.003 -18"><span class='ocrx_word' id='word_1_320' title='bbox 238 5076 340 5115; x_wconf 77' lang='lat' dir='ltr'><strong>uxorem</strong></span> <span class='ocrx_word' id='word_1_321' title='bbox 361 5067 385 5115; x_wconf 90' lang='lat' dir='ltr'><strong>el</strong></span> <span class='ocrx_word' id='word_1_322' title='bbox 403 5066 499 5115; x_wconf 83' lang='lat' dir='ltr'><strong>mutato</strong></span> <span class='ocrx_word' id='word_1_323' title='bbox 519 5064 615 5114; x_wconf 91' lang='lat' dir='ltr'><strong>nomine</strong></span> <span class='ocrx_word' id='word_1_324' title='bbox 636 5062 805 5115; x_wconf 78' lang='lat' dir='ltr'><strong>Aristorenam</strong></span> <span class='ocrx_word' id='word_1_325' title='bbox 822 5062 962 5129; x_wconf 81' lang='lat' dir='ltr'><strong>appellarit.</strong></span> <span class='ocrx_word' id='word_1_326' title='bbox 981 5066 1013 5114; x_wconf 79' lang='lat' dir='ltr'><strong>nt</strong></span> 
     </span>
     <span class='ocr_line' id='line_1_49' title="bbox 238 5147 1013 5210; baseline 0.005 -17"><span class='ocrx_word' id='word_1_327' title='bbox 238 5151 348 5210; x_wconf 78' lang='lat' dir='ltr'><strong>superest</strong></span> <span class='ocrx_word' id='word_1_328' title='bbox 364 5148 395 5198; x_wconf 81' lang='lat' dir='ltr'><strong>ad</strong></span> <span class='ocrx_word' id='word_1_329' title='bbox 406 5149 471 5199; x_wconf 83' lang='lat' dir='ltr'><strong>trono</strong></span> <span class='ocrx_word' id='word_1_330' title='bbox 490 5148 555 5199; x_wconf 88' lang='lat' dir='ltr'><strong>diem</strong></span> <span class='ocrx_word' id='word_1_331' title='bbox 567 5148 681 5199; x_wconf 82' lang='lat' dir='ltr'><strong>ltlassilioe</strong></span> <span class='ocrx_word' id='word_1_332' title='bbox 698 5148 789 5199; x_wconf 80' lang='lat' dir='ltr'><strong>familia</strong></span> <span class='ocrx_word' id='word_1_333' title='bbox 803 5148 834 5198; x_wconf 87' lang='lat' dir='ltr'><strong>ab</strong></span> <span class='ocrx_word' id='word_1_334' title='bbox 852 5148 899 5198; x_wconf 83' lang='lat' dir='ltr'><strong>ttae</strong></span> <span class='ocrx_word' id='word_1_335' title='bbox 910 5147 1013 5197; x_wconf 86' lang='lat' dir='ltr'><strong>muliere</strong></span> 
     </span>
    </p>
   </div>
   <div class='ocr_carea' id='block_1_9' title="bbox 233 5234 1011 5385">
    <p class='ocr_par' dir='ltr' id='par_1_10' title="bbox 233 5234 1011 5385">
     <span class='ocr_line' id='line_1_50' title="bbox 238 5234 1011 5300; baseline 0.005 -19"><span class='ocrx_word' id='word_1_336' title='bbox 238 5234 355 5296; x_wconf 79' lang='lat' dir='ltr'><strong>originem</strong></span> <span class='ocrx_word' id='word_1_337' title='bbox 371 5234 477 5297; x_wconf 84' lang='lat' dir='ltr'><strong>doeens,</strong></span> <span class='ocrx_word' id='word_1_338' title='bbox 489 5236 532 5300; x_wconf 87' lang='lat' dir='ltr'><strong>qui</strong></span> <span class='ocrx_word' id='word_1_339' title='bbox 550 5236 671 5287; x_wconf 80' lang='lat' dir='ltr'><strong>l’rotiadae</strong></span> <span class='ocrx_word' id='word_1_340' title='bbox 688 5237 853 5287; x_wconf 88' lang='lat' dir='ltr'><strong>nominantur.</strong></span> <span class='ocrx_word' id='word_1_341' title='bbox 871 5235 927 5287; x_wconf 87' lang='lat' dir='ltr'><strong>Fuit</strong></span> <span class='ocrx_word' id='word_1_342' title='bbox 946 5234 1011 5285; x_wconf 85' lang='lat' dir='ltr'><strong>enim</strong></span> 
     </span>
     <span class='ocr_line' id='line_1_51' title="bbox 233 5318 806 5385; baseline 0.01 -19"><span class='ocrx_word' id='word_1_343' title='bbox 233 5318 329 5385; x_wconf 31' lang='lat' dir='ltr'><strong>&#39;Protus</strong></span> <span class='ocrx_word' id='word_1_344' title='bbox 341 5318 407 5369; x_wconf 83' lang='lat' dir='ltr'><strong>ilius</strong></span> <span class='ocrx_word' id='word_1_345' title='bbox 418 5320 513 5370; x_wconf 73' lang='lat' dir='ltr'><strong>Eunoni</strong></span> <span class='ocrx_word' id='word_1_346' title='bbox 523 5320 597 5385; x_wconf 74' lang='lat' dir='ltr'><strong>huius</strong></span> <span class='ocrx_word' id='word_1_347' title='bbox 606 5323 630 5371; x_wconf 92' lang='lat' dir='ltr'><strong>et</strong></span> <span class='ocrx_word' id='word_1_348' title='bbox 645 5321 806 5372; x_wconf 72' lang='lat' dir='ltr'><strong>Aristoxeno.</strong></span> 
     </span>
    </p>
   </div>
   <div class='ocr_carea' id='block_1_10' title="bbox 1071 652 1848 1092">
    <p class='ocr_par' dir='ltr' id='par_1_11' title="bbox 1072 652 1845 827">
     <span class='ocr_line' id='line_1_52' title="bbox 1073 652 1845 739; baseline 0.01 -25"><span class='ocrx_word' id='word_1_349' title='bbox 1073 654 1212 715; x_wconf 85' lang='grc' dir='ltr'>Φωκαέων</span> <span class='ocrx_word' id='word_1_350' title='bbox 1226 652 1326 738; x_wconf 77' lang='grc' dir='ltr'>ᾤκιστο</span> <span class='ocrx_word' id='word_1_351' title='bbox 1341 660 1359 727; x_wconf 78' lang='grc' dir='ltr'>ἡ</span> <span class='ocrx_word' id='word_1_352' title='bbox 1383 656 1529 717; x_wconf 88' lang='grc' dir='ltr'>Μασσαλία</span> <span class='ocrx_word' id='word_1_353' title='bbox 1543 659 1588 717; x_wconf 83' lang='grc' dir='ltr'><strong>καὶ</strong></span> <span class='ocrx_word' id='word_1_354' title='bbox 1606 657 1845 739; x_wconf 74' lang='grc' dir='ltr'>Ἀριστοτέλης</span> 
     </span>
     <span class='ocr_line' id='line_1_53' title="bbox 1072 744 1612 827; baseline 0.015 -28"><span class='ocrx_word' id='word_1_355' title='bbox 1072 744 1144 821; x_wconf 83' lang='grc' dir='ltr'>έντῇ</span> <span class='ocrx_word' id='word_1_356' title='bbox 1159 746 1363 804; x_wconf 85' lang='grc' dir='ltr'>Μασσαλιωτῶν</span> <span class='ocrx_word' id='word_1_357' title='bbox 1379 744 1506 827; x_wconf 69' lang='grc' dir='ltr'>Πολιτεία</span> <span class='ocrx_word' id='word_1_358' title='bbox 1527 747 1612 819; x_wconf 81' lang='grc' dir='ltr'>δηλοῖ.</span> 
     </span>
    </p>

    <p class='ocr_par' dir='ltr' id='par_1_12' title="bbox 1071 832 1848 1092">
     <span class='ocr_line' id='line_1_54' title="bbox 1111 832 1848 918; baseline 0.008 -27"><span class='ocrx_word' id='word_1_359' title='bbox 1111 832 1217 893; x_wconf 83' lang='lat' dir='ltr'><strong>Eadem</strong></span> <span class='ocrx_word' id='word_1_360' title='bbox 1244 833 1366 893; x_wconf 84' lang='lat' dir='ltr'><strong>Photius</strong></span> <span class='ocrx_word' id='word_1_361' title='bbox 1391 846 1421 893; x_wconf 85' lang='lat' dir='ltr'><strong>et</strong></span> <span class='ocrx_word' id='word_1_362' title='bbox 1449 833 1552 895; x_wconf 85' lang='lat' dir='ltr'><strong>Suidas</strong></span> <span class='ocrx_word' id='word_1_363' title='bbox 1576 836 1629 915; x_wconf 87' lang='lat' dir='ltr'><strong>qui</strong></span> <span class='ocrx_word' id='word_1_364' title='bbox 1657 850 1753 897; x_wconf 87' lang='lat' dir='ltr'><strong>tamen</strong></span> <span class='ocrx_word' id='word_1_365' title='bbox 1781 853 1848 918; x_wconf 88' lang='lat' dir='ltr'><strong>post</strong></span> 
     </span>
     <span class='ocr_line' id='line_1_55' title="bbox 1072 918 1847 1009; baseline 0.009 -28"><span class='ocrx_word' id='word_1_366' title='bbox 1072 919 1220 1002; x_wconf 77' lang='grc' dir='ltr'>ἀπῴκησαν</span> <span class='ocrx_word' id='word_1_367' title='bbox 1241 936 1351 982; x_wconf 88' lang='lat' dir='ltr'><strong>tantum</strong></span> <span class='ocrx_word' id='word_1_368' title='bbox 1366 922 1477 983; x_wconf 80' lang='lat' dir='ltr'><strong>addunt</strong></span> <span class='ocrx_word' id='word_1_369' title='bbox 1497 946 1504 981; x_wconf 75' lang='grc' dir='ltr'><strong>ι</strong></span> <span class='ocrx_word' id='word_1_370' title='bbox 1521 926 1661 1006; x_wconf 80' lang='grc' dir='ltr'>Μαρτυρεῖ</span> <span class='ocrx_word' id='word_1_371' title='bbox 1678 926 1706 985; x_wconf 83' lang='grc' dir='ltr'><strong>δί</strong></span> <span class='ocrx_word' id='word_1_372' title='bbox 1720 929 1758 1009; x_wconf 80' lang='grc' dir='ltr'><strong>τῷ</strong></span> <span class='ocrx_word' id='word_1_373' title='bbox 1773 918 1847 1009; x_wconf 81' lang='grc' dir='ltr'>λόγῳ</span> 
     </span>
     <span class='ocr_line' id='line_1_56' title="bbox 1071 1009 1317 1092; baseline -0.012 -21"><span class='ocrx_word' id='word_1_374' title='bbox 1071 1010 1117 1071; x_wconf 84' lang='grc' dir='ltr'><strong>καί</strong></span> <span class='ocrx_word' id='word_1_375' title='bbox 1129 1009 1317 1092; x_wconf 88' lang='grc' dir='ltr'>Ἀριστοτέλης.</span> 
     </span>
    </p>
   </div>
   <div class='ocr_carea' id='block_1_11' title="bbox 1351 1182 1573 1399">
    <p class='ocr_par' dir='ltr' id='par_1_13' title="bbox 1351 1182 1573 1399">
     <span class='ocr_line' id='line_1_57' title="bbox 1351 1182 1573 1248; baseline 0.027 -7"><span class='ocrx_word' id='word_1_376' title='bbox 1351 1182 1573 1248; x_wconf 78' lang='grc' dir='ltr'>ΜΕΓΑΡΕΩΝ.</span> 
     </span>
     <span class='ocr_line' id='line_1_58' title="bbox 1372 1318 1535 1399; baseline -0.067 -6"><span class='ocrx_word' id='word_1_377' title='bbox 1372 1320 1427 1393; x_wconf 83' lang='lat'><strong>176</strong></span> <span class='ocrx_word' id='word_1_378' title='bbox 1442 1318 1535 1399; x_wconf 79' lang='lat' dir='ltr'><strong>l5ttl.</strong></span> 
     </span>
    </p>
   </div>
   <div class='ocr_carea' id='block_1_12' title="bbox 1070 1470 1848 1975">
    <p class='ocr_par' dir='ltr' id='par_1_14' title="bbox 1070 1470 1848 1820">
     <span class='ocr_line' id='line_1_59' title="bbox 1112 1470 1848 1555; baseline 0.008 -24"><span class='ocrx_word' id='word_1_379' title='bbox 1112 1472 1218 1531; x_wconf 85' lang='lat' dir='ltr'><strong>Strabo</strong></span> <span class='ocrx_word' id='word_1_380' title='bbox 1231 1471 1295 1546; x_wconf 75' lang='lat' dir='ltr'><strong>vll,</strong></span> <span class='ocrx_word' id='word_1_381' title='bbox 1308 1493 1339 1552; x_wconf 85' lang='grc' dir='ltr'><strong>ρ.</strong></span> <span class='ocrx_word' id='word_1_382' title='bbox 1356 1474 1413 1531; x_wconf 76' lang='grc' dir='ltr'><strong>δατ</strong></span> <span class='ocrx_word' id='word_1_383' title='bbox 1430 1494 1437 1531; x_wconf 81' lang='lat' dir='ltr'><strong>t</strong></span> <span class='ocrx_word' id='word_1_384' title='bbox 1451 1470 1500 1534; x_wconf 88' lang='grc' dir='ltr'><strong>Ἐν</strong></span> <span class='ocrx_word' id='word_1_385' title='bbox 1512 1472 1540 1531; x_wconf 82' lang='lat' dir='ltr'><strong>tl</strong></span> <span class='ocrx_word' id='word_1_386' title='bbox 1553 1477 1587 1553; x_wconf 82' lang='grc' dir='ltr'><strong>τῇ</strong></span> <span class='ocrx_word' id='word_1_387' title='bbox 1601 1474 1730 1535; x_wconf 78' lang='grc' dir='ltr'>Αἰτωλῶν</span> <span class='ocrx_word' id='word_1_388' title='bbox 1744 1477 1848 1555; x_wconf 84' lang='grc' dir='ltr'>(Πολε-</span> 
     </span>
     <span class='ocr_line' id='line_1_60' title="bbox 1070 1558 1847 1643; baseline 0.004 -22"><span class='ocrx_word' id='word_1_389' title='bbox 1070 1561 1129 1643; x_wconf 74' lang='grc' dir='ltr'>τεία</span> <span class='ocrx_word' id='word_1_390' title='bbox 1140 1558 1459 1640; x_wconf 80' lang='grc' dir='ltr'>Ἀριστοτίλης)τοδς</span> <span class='ocrx_word' id='word_1_391' title='bbox 1476 1564 1522 1620; x_wconf 76' lang='grc' dir='ltr'><strong>νῦν</strong></span> <span class='ocrx_word' id='word_1_392' title='bbox 1535 1560 1652 1643; x_wconf 80' lang='grc' dir='ltr'>Ἀοιιροδς</span> <span class='ocrx_word' id='word_1_393' title='bbox 1664 1563 1783 1643; x_wconf 80' lang='grc' dir='ltr'>Λέλεγας</span> <span class='ocrx_word' id='word_1_394' title='bbox 1798 1588 1847 1624; x_wconf 88' lang='grc' dir='ltr'><strong>κα·</strong></span> 
     </span>
     <span class='ocr_line' id='line_1_61' title="bbox 1070 1646 1848 1733; baseline 0.003 -25"><span class='ocrx_word' id='word_1_395' title='bbox 1070 1652 1126 1723; x_wconf 87' lang='grc' dir='ltr'>λιῖ,</span> <span class='ocrx_word' id='word_1_396' title='bbox 1140 1653 1285 1730; x_wconf 78' lang='grc' dir='ltr'>κατασχεῖν</span> <span class='ocrx_word' id='word_1_397' title='bbox 1310 1649 1337 1708; x_wconf 76' lang='grc' dir='ltr'><strong>δὲ</strong></span> <span class='ocrx_word' id='word_1_398' title='bbox 1358 1649 1405 1708; x_wconf 80' lang='grc' dir='ltr'><strong>καί</strong></span> <span class='ocrx_word' id='word_1_399' title='bbox 1421 1646 1469 1721; x_wconf 72' lang='grc' dir='ltr'><strong>τὴν</strong></span> <span class='ocrx_word' id='word_1_400' title='bbox 1492 1650 1735 1719; x_wconf 64' lang='lat' dir='ltr'><strong>nimietatem&lt;</strong></span> <span class='ocrx_word' id='word_1_401' title='bbox 1757 1673 1848 1733; x_wconf 83' lang='grc' dir='ltr'>ρησιν·</span> 
     </span>
     <span class='ocr_line' id='line_1_62' title="bbox 1070 1735 1766 1820; baseline 0 -24"><span class='ocrx_word' id='word_1_402' title='bbox 1070 1737 1166 1816; x_wconf 81' lang='grc' dir='ltr'>δμοίως</span> <span class='ocrx_word' id='word_1_403' title='bbox 1180 1736 1208 1796; x_wconf 87' lang='grc' dir='ltr'><strong>δί</strong></span> <span class='ocrx_word' id='word_1_404' title='bbox 1223 1737 1269 1797; x_wconf 79' lang='grc' dir='ltr'><strong>καί</strong></span> <span class='ocrx_word' id='word_1_405' title='bbox 1288 1739 1361 1817; x_wconf 76' lang='grc' dir='ltr'>έντῇ</span> <span class='ocrx_word' id='word_1_406' title='bbox 1375 1735 1537 1798; x_wconf 75' lang='grc' dir='ltr'>Ὀπουντίων</span> <span class='ocrx_word' id='word_1_407' title='bbox 1551 1736 1597 1797; x_wconf 81' lang='grc' dir='ltr'><strong>καί</strong></span> <span class='ocrx_word' id='word_1_408' title='bbox 1611 1739 1766 1820; x_wconf 86' lang='grc' dir='ltr'>Μεγαρέων.</span> 
     </span>
    </p>

    <p class='ocr_par' dir='ltr' id='par_1_15' title="bbox 1072 1824 1847 1975">
     <span class='ocr_line' id='line_1_63' title="bbox 1110 1824 1847 1907; baseline 0.007 -25"><span class='ocrx_word' id='word_1_409' title='bbox 1110 1826 1184 1885; x_wconf 83' lang='lat' dir='ltr'><strong>Vide</strong></span> <span class='ocrx_word' id='word_1_410' title='bbox 1207 1846 1298 1905; x_wconf 87' lang='lat' dir='ltr'><strong>supra</strong></span> <span class='ocrx_word' id='word_1_411' title='bbox 1317 1825 1488 1885; x_wconf 83' lang='lat' dir='ltr'><strong>Strabonem</strong></span> <span class='ocrx_word' id='word_1_412' title='bbox 1507 1824 1543 1884; x_wconf 93' lang='lat' dir='ltr'><strong>de</strong></span> <span class='ocrx_word' id='word_1_413' title='bbox 1560 1826 1721 1907; x_wconf 78' lang='lat' dir='ltr'><strong>Republica</strong></span> <span class='ocrx_word' id='word_1_414' title='bbox 1738 1828 1847 1887; x_wconf 79' lang='lat' dir='ltr'><strong>AEtolo-</strong></span> 
     </span>
     <span class='ocr_line' id='line_1_64' title="bbox 1072 1935 1149 1975; baseline 0 0"><span class='ocrx_word' id='word_1_415' title='bbox 1072 1935 1149 1975; x_wconf 85' lang='lat' dir='ltr'><strong>rum.</strong></span> 
     </span>
    </p>
   </div>
   <div class='ocr_carea' id='block_1_13' title="bbox 1336 2072 1582 2299">
    <p class='ocr_par' dir='ltr' id='par_1_16' title="bbox 1336 2072 1582 2299">
     <span class='ocr_line' id='line_1_65' title="bbox 1336 2072 1582 2133; baseline -0.012 0"><span class='ocrx_word' id='word_1_416' title='bbox 1336 2072 1582 2133; x_wconf 76' lang='grc' dir='ltr'>ΜΕΘΩΝΑΙΩΝ.</span> 
     </span>
     <span class='ocr_line' id='line_1_66' title="bbox 1363 2212 1562 2299; baseline 0.015 -30"><span class='ocrx_word' id='word_1_417' title='bbox 1363 2212 1562 2299; x_wconf 69' lang='lat' dir='ltr'><strong>¹7⁶¹l5i⁸l</strong></span> 
     </span>
    </p>
   </div>
   <div class='ocr_carea' id='block_1_14' title="bbox 1069 2350 1851 3494">
    <p class='ocr_par' dir='ltr' id='par_1_17' title="bbox 1069 2350 1851 2950">
     <span class='ocr_line' id='line_1_67' title="bbox 1110 2350 1851 2430; baseline -0.005 -21"><span class='ocrx_word' id='word_1_418' title='bbox 1110 2351 1251 2413; x_wconf 85' lang='lat' dir='ltr'><strong>Proverb.</strong></span> <span class='ocrx_word' id='word_1_419' title='bbox 1263 2351 1339 2411; x_wconf 85' lang='lat' dir='ltr'><strong>coll.</strong></span> <span class='ocrx_word' id='word_1_420' title='bbox 1355 2350 1409 2422; x_wconf 88' lang='lat' dir='ltr'><strong>tlt,</strong></span> <span class='ocrx_word' id='word_1_421' title='bbox 1424 2352 1503 2430; x_wconf 88' lang='lat' dir='ltr'><strong>apud</strong></span> <span class='ocrx_word' id='word_1_422' title='bbox 1524 2351 1558 2411; x_wconf 87' lang='lat' dir='ltr'><strong>E.</strong></span> <span class='ocrx_word' id='word_1_423' title='bbox 1576 2352 1682 2428; x_wconf 82' lang='lat' dir='ltr'><strong>Miller,</strong></span> <span class='ocrx_word' id='word_1_424' title='bbox 1700 2354 1851 2427; x_wconf 78' lang='lat' dir='ltr'><strong>Me&#39;lmrges</strong></span> 
     </span>
     <span class='ocr_line' id='line_1_68' title="bbox 1069 2440 1847 2517; baseline -0.003 -20"><span class='ocrx_word' id='word_1_425' title='bbox 1069 2445 1106 2497; x_wconf 87' lang='lat' dir='ltr'><strong>de</strong></span> <span class='ocrx_word' id='word_1_426' title='bbox 1133 2444 1286 2498; x_wconf 82' lang='lat' dir='ltr'><strong>litte&#39;raturs</strong></span> <span class='ocrx_word' id='word_1_427' title='bbox 1321 2460 1455 2517; x_wconf 82' lang='lat' dir='ltr'><strong>grecque,</strong></span> <span class='ocrx_word' id='word_1_428' title='bbox 1483 2440 1565 2497; x_wconf 87' lang='lat' dir='ltr'><strong>Paris</strong></span> <span class='ocrx_word' id='word_1_429' title='bbox 1596 2441 1684 2510; x_wconf 75' lang='lat'><strong>186⁸,</strong></span> <span class='ocrx_word' id='word_1_430' title='bbox 1707 2460 1739 2517; x_wconf 85' lang='lat' dir='ltr'><strong>p.</strong></span> <span class='ocrx_word' id='word_1_431' title='bbox 1765 2440 1847 2514; x_wconf 81' lang='lat'><strong>369:</strong></span> 
     </span>
     <span class='ocr_line' id='line_1_69' title="bbox 1072 2525 1846 2608; baseline -0.006 -21"><span class='ocrx_word' id='word_1_432' title='bbox 1072 2526 1258 2608; x_wconf 86' lang='grc' dir='ltr'>Ἀμουσότερος</span> <span class='ocrx_word' id='word_1_433' title='bbox 1274 2527 1451 2607; x_wconf 78' lang='grc' dir='ltr'>Λειόηδρίων.</span> <span class='ocrx_word' id='word_1_434' title='bbox 1463 2525 1617 2608; x_wconf 79' lang='grc' dir='ltr'>Λειόήθριοι</span> <span class='ocrx_word' id='word_1_435' title='bbox 1627 2526 1698 2593; x_wconf 63' lang='lat' dir='ltr'><strong>love</strong></span> <span class='ocrx_word' id='word_1_436' title='bbox 1712 2526 1767 2585; x_wconf 82' lang='grc' dir='ltr'>έστί</span> <span class='ocrx_word' id='word_1_437' title='bbox 1781 2528 1846 2585; x_wconf 82' lang='lat' dir='ltr'><strong>Mre-</strong></span> 
     </span>
     <span class='ocr_line' id='line_1_70' title="bbox 1071 2606 1850 2695; baseline -0.003 -20"><span class='ocrx_word' id='word_1_438' title='bbox 1071 2606 1195 2693; x_wconf 74' lang='grc' dir='ltr'>ρικόν,οό</span> <span class='ocrx_word' id='word_1_439' title='bbox 1208 2616 1254 2674; x_wconf 82' lang='grc' dir='ltr'><strong>καί</strong></span> <span class='ocrx_word' id='word_1_440' title='bbox 1269 2614 1506 2695; x_wconf 84' lang='grc' dir='ltr'>Ἀριστοτέλης</span> <span class='ocrx_word' id='word_1_441' title='bbox 1519 2614 1652 2693; x_wconf 81' lang='grc' dir='ltr'>μέμνηται</span> <span class='ocrx_word' id='word_1_442' title='bbox 1663 2616 1690 2673; x_wconf 83' lang='grc' dir='ltr'><strong>έν</strong></span> <span class='ocrx_word' id='word_1_443' title='bbox 1703 2617 1737 2693; x_wconf 80' lang='grc' dir='ltr'><strong>τῇ</strong></span> <span class='ocrx_word' id='word_1_444' title='bbox 1752 2614 1850 2673; x_wconf 78' lang='grc' dir='ltr'>Μεθω-</span> 
     </span>
     <span class='ocr_line' id='line_1_71' title="bbox 1070 2691 1846 2783; baseline -0.003 -22"><span class='ocrx_word' id='word_1_445' title='bbox 1070 2704 1151 2763; x_wconf 90' lang='grc' dir='ltr'>ναίων</span> <span class='ocrx_word' id='word_1_446' title='bbox 1171 2704 1311 2783; x_wconf 75' lang='grc' dir='ltr'>Μολιτεία.</span> <span class='ocrx_word' id='word_1_447' title='bbox 1334 2702 1465 2781; x_wconf 86' lang='grc' dir='ltr'>Λέγονται</span> <span class='ocrx_word' id='word_1_448' title='bbox 1487 2702 1515 2762; x_wconf 82' lang='grc' dir='ltr'><strong>δέ</strong></span> <span class='ocrx_word' id='word_1_449' title='bbox 1537 2701 1715 2778; x_wconf 88' lang='grc' dir='ltr'>α’μουσότατοι</span> <span class='ocrx_word' id='word_1_450' title='bbox 1738 2691 1805 2760; x_wconf 83' lang='grc' dir='ltr'>ε’ίναε</span> <span class='ocrx_word' id='word_1_451' title='bbox 1823 2706 1846 2760; x_wconf 87' lang='grc' dir='ltr'><strong>οἱ</strong></span> 
     </span>
     <span class='ocr_line' id='line_1_72' title="bbox 1070 2790 1849 2875; baseline -0.008 -21"><span class='ocrx_word' id='word_1_452' title='bbox 1070 2792 1224 2875; x_wconf 67' lang='lat' dir='ltr'><strong>desidipsi</strong></span> <span class='ocrx_word' id='word_1_453' title='bbox 1237 2791 1329 2865; x_wconf 71' lang='grc' dir='ltr'>έπειδὴ</span> <span class='ocrx_word' id='word_1_454' title='bbox 1348 2794 1414 2872; x_wconf 83' lang='grc' dir='ltr'>παρ’</span> <span class='ocrx_word' id='word_1_455' title='bbox 1427 2792 1515 2858; x_wconf 81' lang='grc' dir='ltr'>αὐτοῖς</span> <span class='ocrx_word' id='word_1_456' title='bbox 1529 2790 1630 2869; x_wconf 83' lang='grc' dir='ltr'>έγίνετο</span> <span class='ocrx_word' id='word_1_457' title='bbox 1643 2794 1659 2849; x_wconf 80' lang='grc' dir='ltr'>δ</span> <span class='ocrx_word' id='word_1_458' title='bbox 1671 2798 1718 2851; x_wconf 75' lang='grc' dir='ltr'><strong>τοῦ</strong></span> <span class='ocrx_word' id='word_1_459' title='bbox 1732 2790 1849 2871; x_wconf 70' lang='grc' dir='ltr'>Ὀρρέως</span> 
     </span>
     <span class='ocr_line' id='line_1_73' title="bbox 1069 2882 1190 2950; baseline 0 -7"><span class='ocrx_word' id='word_1_460' title='bbox 1069 2882 1190 2950; x_wconf 77' lang='grc' dir='ltr'>Θάνατος.</span> 
     </span>
    </p>

    <p class='ocr_par' dir='ltr' id='par_1_18' title="bbox 1070 2966 1849 3494">
     <span class='ocr_line' id='line_1_74' title="bbox 1111 2966 1847 3051; baseline -0.012 -19"><span class='ocrx_word' id='word_1_461' title='bbox 1111 2974 1144 3033; x_wconf 89' lang='lat' dir='ltr'><strong>ln</strong></span> <span class='ocrx_word' id='word_1_462' title='bbox 1158 2972 1224 3031; x_wconf 88' lang='lat' dir='ltr'><strong>eod.</strong></span> <span class='ocrx_word' id='word_1_463' title='bbox 1236 2969 1395 3051; x_wconf 73' lang='grc' dir='ltr'>Λειὸηθριον</span> <span class='ocrx_word' id='word_1_464' title='bbox 1410 2969 1552 3047; x_wconf 84' lang='lat' dir='ltr'><strong>scriptum</strong></span> <span class='ocrx_word' id='word_1_465' title='bbox 1570 2981 1624 3028; x_wconf 87' lang='lat' dir='ltr'><strong>est.</strong></span> <span class='ocrx_word' id='word_1_466' title='bbox 1641 2967 1752 3027; x_wconf 89' lang='lat' dir='ltr'><strong>Zenob.</strong></span> <span class='ocrx_word' id='word_1_467' title='bbox 1767 2966 1791 3038; x_wconf 84' lang='lat' dir='ltr'><strong>l,</strong></span> <span class='ocrx_word' id='word_1_468' title='bbox 1810 2988 1847 3042; x_wconf 85' lang='lat'><strong>79</strong></span> 
     </span>
     <span class='ocr_line' id='line_1_75' title="bbox 1071 3057 1847 3138; baseline -0.013 -16"><span class='ocrx_word' id='word_1_469' title='bbox 1071 3077 1150 3122; x_wconf 88' lang='lat' dir='ltr'><strong>recte</strong></span> <span class='ocrx_word' id='word_1_470' title='bbox 1165 3058 1329 3138; x_wconf 75' lang='grc' dir='ltr'>Λειθήθρωι.</span> <span class='ocrx_word' id='word_1_471' title='bbox 1346 3060 1405 3118; x_wconf 90' lang='lat' dir='ltr'><strong>Pro</strong></span> <span class='ocrx_word' id='word_1_472' title='bbox 1421 3057 1554 3137; x_wconf 83' lang='grc' dir='ltr'>Πιερικόν,</span> <span class='ocrx_word' id='word_1_473' title='bbox 1566 3069 1598 3115; x_wconf 91' lang='lat' dir='ltr'><strong>ut</strong></span> <span class='ocrx_word' id='word_1_474' title='bbox 1607 3070 1684 3115; x_wconf 89' lang='lat' dir='ltr'><strong>recte</strong></span> <span class='ocrx_word' id='word_1_475' title='bbox 1696 3057 1803 3132; x_wconf 82' lang='lat' dir='ltr'><strong>legitur</strong></span> <span class='ocrx_word' id='word_1_476' title='bbox 1816 3057 1847 3112; x_wconf 89' lang='lat' dir='ltr'><strong>in</strong></span> 
     </span>
     <span class='ocr_line' id='line_1_76' title="bbox 1071 3144 1847 3225; baseline -0.012 -15"><span class='ocrx_word' id='word_1_477' title='bbox 1071 3152 1160 3210; x_wconf 81' lang='lat' dir='ltr'><strong>Pror.</strong></span> <span class='ocrx_word' id='word_1_478' title='bbox 1175 3150 1250 3209; x_wconf 88' lang='lat' dir='ltr'><strong>Coll.</strong></span> <span class='ocrx_word' id='word_1_479' title='bbox 1268 3148 1317 3218; x_wconf 75' lang='lat' dir='ltr'><strong>lt,</strong></span> <span class='ocrx_word' id='word_1_480' title='bbox 1333 3146 1379 3206; x_wconf 80' lang='lat' dir='ltr'><strong>ll.</strong></span> <span class='ocrx_word' id='word_1_481' title='bbox 1396 3166 1428 3225; x_wconf 89' lang='lat' dir='ltr'><strong>p.</strong></span> <span class='ocrx_word' id='word_1_482' title='bbox 1449 3148 1517 3218; x_wconf 83' lang='lat'><strong>377,</strong></span> <span class='ocrx_word' id='word_1_483' title='bbox 1530 3144 1650 3203; x_wconf 85' lang='lat' dir='ltr'><strong>codexa</strong></span> <span class='ocrx_word' id='word_1_484' title='bbox 1664 3164 1751 3203; x_wconf 84' lang='lat' dir='ltr'><strong>niano</strong></span> <span class='ocrx_word' id='word_1_485' title='bbox 1773 3164 1847 3220; x_wconf 87' lang='lat' dir='ltr'><strong>pos-</strong></span> 
     </span>
     <span class='ocr_line' id='line_1_77' title="bbox 1070 3236 1847 3317; baseline -0.013 -18"><span class='ocrx_word' id='word_1_486' title='bbox 1070 3240 1174 3299; x_wconf 82' lang='lat' dir='ltr'><strong>teriori</strong></span> <span class='ocrx_word' id='word_1_487' title='bbox 1184 3237 1328 3317; x_wconf 71' lang='lat' dir='ltr'><strong>Repetitis,</strong></span> <span class='ocrx_word' id='word_1_488' title='bbox 1342 3236 1380 3296; x_wconf 80' lang='lat' dir='ltr'><strong>ci.</strong></span> <span class='ocrx_word' id='word_1_489' title='bbox 1398 3236 1477 3305; x_wconf 84' lang='lat' dir='ltr'><strong>Bast,</strong></span> <span class='ocrx_word' id='word_1_490' title='bbox 1493 3239 1587 3290; x_wconf 85' lang='lat' dir='ltr'><strong>Lettre</strong></span> <span class='ocrx_word' id='word_1_491' title='bbox 1600 3240 1723 3307; x_wconf 78' lang='lat' dir='ltr'><strong>critique,</strong></span> <span class='ocrx_word' id='word_1_492' title='bbox 1745 3252 1775 3310; x_wconf 84' lang='lat' dir='ltr'><strong>p.</strong></span> <span class='ocrx_word' id='word_1_493' title='bbox 1789 3244 1847 3303; x_wconf 75' lang='grc' dir='ltr'>ταί,</span> 
     </span>
     <span class='ocr_line' id='line_1_78' title="bbox 1070 3319 1846 3405; baseline -0.013 -18"><span class='ocrx_word' id='word_1_494' title='bbox 1070 3349 1095 3389; x_wconf 88' lang='lat' dir='ltr'><strong>s.</strong></span> <span class='ocrx_word' id='word_1_495' title='bbox 1115 3341 1144 3386; x_wconf 89' lang='lat' dir='ltr'><strong>et</strong></span> <span class='ocrx_word' id='word_1_496' title='bbox 1154 3346 1220 3405; x_wconf 87' lang='lat' dir='ltr'><strong>quae</strong></span> <span class='ocrx_word' id='word_1_497' title='bbox 1234 3324 1322 3383; x_wconf 85' lang='lat' dir='ltr'><strong>habet</strong></span> <span class='ocrx_word' id='word_1_498' title='bbox 1335 3322 1506 3382; x_wconf 85' lang='lat' dir='ltr'><strong>Boissonad.</strong></span> <span class='ocrx_word' id='word_1_499' title='bbox 1520 3321 1557 3378; x_wconf 89' lang='lat' dir='ltr'><strong>ad</strong></span> <span class='ocrx_word' id='word_1_500' title='bbox 1573 3321 1736 3379; x_wconf 74' lang='lat' dir='ltr'><strong>Aristaenet.</strong></span> <span class='ocrx_word' id='word_1_501' title='bbox 1755 3320 1806 3399; x_wconf 82' lang='lat' dir='ltr'><strong>Ep.</strong></span> <span class='ocrx_word' id='word_1_502' title='bbox 1821 3319 1846 3393; x_wconf 89' lang='lat'><strong>1,</strong></span> 
     </span>
     <span class='ocr_line' id='line_1_79' title="bbox 1071 3408 1849 3494; baseline -0.01 -19"><span class='ocrx_word' id='word_1_503' title='bbox 1071 3438 1120 3490; x_wconf 78' lang='lat'><strong>27,</strong></span> <span class='ocrx_word' id='word_1_504' title='bbox 1137 3438 1168 3494; x_wconf 91' lang='lat' dir='ltr'><strong>p.</strong></span> <span class='ocrx_word' id='word_1_505' title='bbox 1184 3416 1254 3490; x_wconf 76' lang='lat'><strong>59²·</strong></span> <span class='ocrx_word' id='word_1_506' title='bbox 1270 3412 1497 3471; x_wconf 83' lang='lat' dir='ltr'><strong>Methonaeornm</strong></span> <span class='ocrx_word' id='word_1_507' title='bbox 1526 3408 1747 3487; x_wconf 80' lang='lat' dir='ltr'><strong>Rempublicam</strong></span> <span class='ocrx_word' id='word_1_508' title='bbox 1772 3410 1849 3467; x_wconf 79' lang='lat' dir='ltr'><strong>orale</strong></span> 
     </span>
    </p>
   </div>
   <div class='ocr_carea' id='block_1_15' title="bbox 1433 3578 1486 3627">
    <p class='ocr_par' dir='ltr' id='par_1_19' title="bbox 1433 3578 1486 3627">
     <span class='ocr_line' id='line_1_80' title="bbox 1433 3578 1486 3627; baseline 0.038 -2"><span class='ocrx_word' id='word_1_509' title='bbox 1433 3578 1486 3627; x_wconf 76' lang='lat'><strong>175.</strong></span> 
     </span>
    </p>
   </div>
   <div class='ocr_carea' id='block_1_16' title="bbox 1069 3650 1847 3935">
    <p class='ocr_par' dir='ltr' id='par_1_20' title="bbox 1069 3650 1847 3935">
     <span class='ocr_line' id='line_1_81' title="bbox 1074 3650 1847 3745; baseline -0.016 0"><span class='ocrx_word' id='word_1_510' title='bbox 1074 3712 1079 3723; x_wconf 63' lang='lat'><em>⁶</em></span> <span class='ocrx_word' id='word_1_511' title='bbox 1101 3695 1223 3745; x_wconf 87' lang='lat' dir='ltr'><strong>isocrates</strong></span> <span class='ocrx_word' id='word_1_512' title='bbox 1241 3692 1266 3740; x_wconf 91' lang='lat' dir='ltr'><strong>in</strong></span> <span class='ocrx_word' id='word_1_513' title='bbox 1285 3688 1434 3740; x_wconf 75' lang='lat' dir='ltr'><strong>Archidamo</strong></span> <span class='ocrx_word' id='word_1_514' title='bbox 1453 3685 1514 3737; x_wconf 80' lang='lat' dir='ltr'><strong>dicit</strong></span> <span class='ocrx_word' id='word_1_515' title='bbox 1536 3686 1698 3737; x_wconf 83' lang='lat' dir='ltr'><strong>rtoceenses</strong></span> <span class='ocrx_word' id='word_1_516' title='bbox 1717 3650 1847 3735; x_wconf 78' lang='lat' dir='ltr'><strong>Persarrim</strong></span> 
     </span>
     <span class='ocr_line' id='line_1_82' title="bbox 1069 3774 1846 3847; baseline -0.014 -14"><span class='ocrx_word' id='word_1_517' title='bbox 1069 3782 1134 3847; x_wconf 74' lang='lat' dir='ltr'><strong>regis</strong></span> <span class='ocrx_word' id='word_1_518' title='bbox 1144 3780 1336 3832; x_wconf 85' lang='lat' dir='ltr'><strong>dominationem</strong></span> <span class='ocrx_word' id='word_1_519' title='bbox 1348 3778 1470 3840; x_wconf 71' lang='lat' dir='ltr'><strong>fagientes</strong></span> <span class='ocrx_word' id='word_1_520' title='bbox 1479 3774 1615 3825; x_wconf 81' lang='lat' dir='ltr'><strong>Massiliam</strong></span> <span class='ocrx_word' id='word_1_521' title='bbox 1624 3774 1765 3839; x_wconf 78' lang='lat' dir='ltr'><strong>emigrasse.</strong></span> <span class='ocrx_word' id='word_1_522' title='bbox 1776 3776 1846 3823; x_wconf 78' lang='lat' dir='ltr'><strong>Gele-</strong></span> 
     </span>
     <span class='ocr_line' id='line_1_83' title="bbox 1069 3862 1847 3935; baseline -0.014 -14"><span class='ocrx_word' id='word_1_523' title='bbox 1069 3886 1125 3921; x_wconf 88' lang='lat' dir='ltr'><strong>mm</strong></span> <span class='ocrx_word' id='word_1_524' title='bbox 1139 3870 1192 3935; x_wconf 80' lang='lat' dir='ltr'><strong>jam</strong></span> <span class='ocrx_word' id='word_1_525' title='bbox 1203 3870 1260 3919; x_wconf 86' lang='lat' dir='ltr'><strong>ante</strong></span> <span class='ocrx_word' id='word_1_526' title='bbox 1278 3867 1333 3917; x_wconf 77' lang='lat' dir='ltr'><strong>hec</strong></span> <span class='ocrx_word' id='word_1_527' title='bbox 1348 3870 1459 3930; x_wconf 81' lang='lat' dir='ltr'><strong>tempora</strong></span> <span class='ocrx_word' id='word_1_528' title='bbox 1474 3864 1608 3914; x_wconf 88' lang='lat' dir='ltr'><strong>Massiliam</strong></span> <span class='ocrx_word' id='word_1_529' title='bbox 1626 3878 1641 3913; x_wconf 90' lang='lat' dir='ltr'><strong>a</strong></span> <span class='ocrx_word' id='word_1_530' title='bbox 1656 3862 1847 3913; x_wconf 76' lang='lat' dir='ltr'><strong>Ptoeeeustous</strong></span> 
     </span>
    </p>
   </div>
   <div class='ocr_carea' id='block_1_17' title="bbox 1069 3951 1844 4113">
    <p class='ocr_par' dir='ltr' id='par_1_21' title="bbox 1069 3951 1844 4113">
     <span class='ocr_line' id='line_1_84' title="bbox 1069 3951 1844 4016; baseline -0.013 -6"><span class='ocrx_word' id='word_1_531' title='bbox 1069 3959 1204 4011; x_wconf 82' lang='lat' dir='ltr'><strong>habitatam</strong></span> <span class='ocrx_word' id='word_1_532' title='bbox 1217 3971 1271 4008; x_wconf 88' lang='lat' dir='ltr'><strong>esse</strong></span> <span class='ocrx_word' id='word_1_533' title='bbox 1283 3955 1426 4007; x_wconf 79' lang='lat' dir='ltr'><strong>Aristoteles</strong></span> <span class='ocrx_word' id='word_1_534' title='bbox 1437 3966 1536 4016; x_wconf 85' lang='lat' dir='ltr'><strong>quoque</strong></span> <span class='ocrx_word' id='word_1_535' title='bbox 1551 3952 1576 4002; x_wconf 85' lang='lat' dir='ltr'><strong>in</strong></span> <span class='ocrx_word' id='word_1_536' title='bbox 1590 3951 1781 4002; x_wconf 85' lang='lat' dir='ltr'><strong>Massiliensium</strong></span> <span class='ocrx_word' id='word_1_537' title='bbox 1794 3954 1844 4000; x_wconf 80' lang='lat' dir='ltr'><strong>lle·</strong></span> 
     </span>
     <span class='ocr_line' id='line_1_85' title="bbox 1069 4046 1265 4113; baseline -0.031 -13"><span class='ocrx_word' id='word_1_538' title='bbox 1069 4048 1167 4113; x_wconf 81' lang='lat' dir='ltr'><strong>publica</strong></span> <span class='ocrx_word' id='word_1_539' title='bbox 1181 4046 1265 4097; x_wconf 86' lang='lat' dir='ltr'><strong>tradit.</strong></span> 
     </span>
    </p>
   </div>
   <div class='ocr_carea' id='block_1_18' title="bbox 1341 4176 1576 4227">
    <p class='ocr_par' dir='ltr' id='par_1_22' title="bbox 1341 4176 1576 4227">
     <span class='ocr_line' id='line_1_86' title="bbox 1341 4176 1576 4227; baseline -0.017 0"><span class='ocrx_word' id='word_1_540' title='bbox 1341 4176 1576 4227; x_wconf 71' lang='lat' dir='ltr'><strong>tffiotnffistott.</strong></span> 
     </span>
    </p>
   </div>
   <div class='ocr_carea' id='block_1_19' title="bbox 1426 4310 1478 4357">
    <p class='ocr_par' dir='ltr' id='par_1_23' title="bbox 1426 4310 1478 4357">
     <span class='ocr_line' id='line_1_87' title="bbox 1426 4310 1478 4357; baseline -0.019 0"><span class='ocrx_word' id='word_1_541' title='bbox 1426 4310 1478 4357; x_wconf 75' lang='grc'>176.</span> 
     </span>
    </p>
   </div>
   <div class='ocr_carea' id='block_1_20' title="bbox 1067 4413 1844 4985">
    <p class='ocr_par' dir='ltr' id='par_1_24' title="bbox 1067 4413 1844 4985">
     <span class='ocr_line' id='line_1_88' title="bbox 1097 4413 1844 4483; baseline -0.012 -11"><span class='ocrx_word' id='word_1_542' title='bbox 1097 4425 1126 4472; x_wconf 87' lang='lat' dir='ltr'><strong>ln</strong></span> <span class='ocrx_word' id='word_1_543' title='bbox 1146 4421 1282 4471; x_wconf 79' lang='lat' dir='ltr'><strong>AEtolorom</strong></span> <span class='ocrx_word' id='word_1_544' title='bbox 1304 4418 1438 4483; x_wconf 79' lang='lat' dir='ltr'><strong>Republica</strong></span> <span class='ocrx_word' id='word_1_545' title='bbox 1458 4415 1601 4469; x_wconf 74' lang='lat' dir='ltr'><strong>Aristoteles</strong></span> <span class='ocrx_word' id='word_1_546' title='bbox 1623 4413 1667 4479; x_wconf 85' lang='lat' dir='ltr'><strong>qui</strong></span> <span class='ocrx_word' id='word_1_547' title='bbox 1688 4414 1844 4463; x_wconf 70' lang='lat' dir='ltr'><strong>nuncioeri</strong></span> 
     </span>
     <span class='ocr_line' id='line_1_89' title="bbox 1068 4503 1844 4575; baseline -0.013 -11"><span class='ocrx_word' id='word_1_548' title='bbox 1068 4514 1185 4564; x_wconf 87' lang='lat' dir='ltr'><strong>dicuntur</strong></span> <span class='ocrx_word' id='word_1_549' title='bbox 1195 4510 1295 4575; x_wconf 78' lang='lat' dir='ltr'><strong>Leleges</strong></span> <span class='ocrx_word' id='word_1_550' title='bbox 1307 4510 1431 4567; x_wconf 79' lang='lat' dir='ltr'><strong>nominat3</strong></span> <span class='ocrx_word' id='word_1_551' title='bbox 1452 4508 1550 4558; x_wconf 86' lang='lat' dir='ltr'><strong>eosdem</strong></span> <span class='ocrx_word' id='word_1_552' title='bbox 1570 4504 1645 4557; x_wconf 80' lang='lat' dir='ltr'><strong>eiiam</strong></span> <span class='ocrx_word' id='word_1_553' title='bbox 1661 4503 1785 4555; x_wconf 83' lang='lat' dir='ltr'><strong>lloeotiam</strong></span> <span class='ocrx_word' id='word_1_554' title='bbox 1805 4506 1844 4554; x_wconf 69' lang='lat' dir='ltr'><strong>te</strong></span> 
     </span>
     <span class='ocr_line' id='line_1_90' title="bbox 1068 4591 1843 4671; baseline -0.014 -20"><span class='ocrx_word' id='word_1_555' title='bbox 1068 4601 1151 4652; x_wconf 69' lang='lat' dir='ltr'><strong>anime</strong></span> <span class='ocrx_word' id='word_1_556' title='bbox 1167 4600 1210 4650; x_wconf 86' lang='lat' dir='ltr'><strong>ait.</strong></span> <span class='ocrx_word' id='word_1_557' title='bbox 1224 4596 1340 4648; x_wconf 87' lang='lat' dir='ltr'><strong>Similiter</strong></span> <span class='ocrx_word' id='word_1_558' title='bbox 1355 4597 1381 4647; x_wconf 87' lang='lat' dir='ltr'><strong>in</strong></span> <span class='ocrx_word' id='word_1_559' title='bbox 1393 4596 1557 4661; x_wconf 86' lang='lat' dir='ltr'><strong>opuntiorum</strong></span> <span class='ocrx_word' id='word_1_560' title='bbox 1577 4591 1712 4671; x_wconf 80' lang='lat' dir='ltr'><strong>llepubliea</strong></span> <span class='ocrx_word' id='word_1_561' title='bbox 1723 4593 1843 4653; x_wconf 71' lang='lat' dir='ltr'><strong>etMessa·</strong></span> 
     </span>
     <span class='ocr_line' id='line_1_91' title="bbox 1067 4704 1184 4743; baseline -0.043 1"><span class='ocrx_word' id='word_1_562' title='bbox 1067 4704 1184 4743; x_wconf 83' lang='lat' dir='ltr'><strong>reustum</strong></span> 
     </span>
     <span class='ocr_line' id='line_1_92' title="bbox 1314 4822 1575 4876; baseline -0.019 0"><span class='ocrx_word' id='word_1_563' title='bbox 1314 4822 1575 4876; x_wconf 73' lang='lat' dir='ltr'><strong>Mernottffiottott.</strong></span> 
     </span>
     <span class='ocr_line' id='line_1_93' title="bbox 1413 4939 1486 4985; baseline -0.027 0"><span class='ocrx_word' id='word_1_564' title='bbox 1413 4940 1455 4985; x_wconf 76' lang='lat' dir='ltr'><strong>tio</strong></span> <span class='ocrx_word' id='word_1_565' title='bbox 1466 4939 1486 4983; x_wconf 85' lang='lat'><strong>¹.</strong></span> 
     </span>
    </p>
   </div>
   <div class='ocr_carea' id='block_1_21' title="bbox 1066 5043 1847 5380">
    <p class='ocr_par' dir='ltr' id='par_1_25' title="bbox 1066 5043 1847 5380">
     <span class='ocr_line' id='line_1_94' title="bbox 1098 5043 1841 5118; baseline -0.02 -10"><span class='ocrx_word' id='word_1_566' title='bbox 1098 5054 1236 5108; x_wconf 78' lang='lat' dir='ltr'><strong>iiteliriis</strong></span> <span class='ocrx_word' id='word_1_567' title='bbox 1251 5052 1394 5118; x_wconf 78' lang='lat' dir='ltr'><strong>illepidior.</strong></span> <span class='ocrx_word' id='word_1_568' title='bbox 1415 5048 1536 5100; x_wconf 77' lang='lat' dir='ltr'><strong>iibelhrii</strong></span> <span class='ocrx_word' id='word_1_569' title='bbox 1556 5048 1623 5099; x_wconf 87' lang='lat' dir='ltr'><strong>natio</strong></span> <span class='ocrx_word' id='word_1_570' title='bbox 1645 5043 1841 5108; x_wconf 76' lang='lat' dir='ltr'><strong>Pieriet,eu1‘ut</strong></span> 
     </span>
     <span class='ocr_line' id='line_1_95' title="bbox 1066 5130 1845 5199; baseline -0.017 -4"><span class='ocrx_word' id='word_1_571' title='bbox 1066 5144 1178 5195; x_wconf 84' lang='lat' dir='ltr'><strong>meminit</strong></span> <span class='ocrx_word' id='word_1_572' title='bbox 1192 5143 1266 5194; x_wconf 87' lang='lat' dir='ltr'><strong>etiam</strong></span> <span class='ocrx_word' id='word_1_573' title='bbox 1286 5139 1429 5191; x_wconf 74' lang='lat' dir='ltr'><strong>Aristoteles</strong></span> <span class='ocrx_word' id='word_1_574' title='bbox 1446 5139 1471 5188; x_wconf 88' lang='lat' dir='ltr'><strong>in</strong></span> <span class='ocrx_word' id='word_1_575' title='bbox 1489 5136 1685 5189; x_wconf 75' lang='lat' dir='ltr'><strong>Methoneorom</strong></span> <span class='ocrx_word' id='word_1_576' title='bbox 1698 5130 1845 5199; x_wconf 54' lang='lat' dir='ltr'><strong>nepotis.</strong></span> 
     </span>
     <span class='ocr_line' id='line_1_96' title="bbox 1066 5220 1847 5297; baseline -0.013 -15"><span class='ocrx_word' id='word_1_577' title='bbox 1066 5230 1231 5297; x_wconf 85' lang='lat' dir='ltr'><strong>illepidissimi</strong></span> <span class='ocrx_word' id='word_1_578' title='bbox 1239 5228 1356 5281; x_wconf 73' lang='lat' dir='ltr'><strong>Mentior</strong></span> <span class='ocrx_word' id='word_1_579' title='bbox 1369 5226 1487 5278; x_wconf 79' lang='lat' dir='ltr'><strong>Libethrii</strong></span> <span class='ocrx_word' id='word_1_580' title='bbox 1500 5224 1577 5277; x_wconf 84' lang='lat' dir='ltr'><strong>tuisse</strong></span> <span class='ocrx_word' id='word_1_581' title='bbox 1590 5224 1649 5288; x_wconf 83' lang='grc' dir='ltr'>ηειίε</span> <span class='ocrx_word' id='word_1_582' title='bbox 1656 5222 1723 5289; x_wconf 74' lang='lat' dir='ltr'><strong>epod</strong></span> <span class='ocrx_word' id='word_1_583' title='bbox 1731 5220 1788 5273; x_wconf 85' lang='lat' dir='ltr'><strong>illos</strong></span> <span class='ocrx_word' id='word_1_584' title='bbox 1799 5231 1847 5271; x_wconf 86' lang='lat' dir='ltr'><strong>oo-</strong></span> 
     </span>
     <span class='ocr_line' id='line_1_97' title="bbox 1066 5314 1318 5380; baseline -0.008 -13"><span class='ocrx_word' id='word_1_585' title='bbox 1066 5316 1135 5369; x_wconf 82' lang='lat' dir='ltr'><strong>elsm</strong></span> <span class='ocrx_word' id='word_1_586' title='bbox 1147 5320 1186 5368; x_wconf 88' lang='lat' dir='ltr'><strong>est</strong></span> <span class='ocrx_word' id='word_1_587' title='bbox 1198 5314 1318 5380; x_wconf 80' lang='lat' dir='ltr'><strong>orpheus.</strong></span> 
     </span>
    </p>
   </div>
   <div class='ocr_carea' id='block_1_22' title="bbox 0 0 2014 5984">
    <p class='ocr_par' dir='ltr' id='par_1_26' title="bbox 0 0 2014 5984">
     <span class='ocr_line' id='line_1_98' title="bbox 0 0 2014 5984; baseline 0 1"><span class='ocrx_word' id='word_1_588' title='bbox 0 0 2014 5984; x_wconf 95' lang='lat' dir='ltr'><strong> </strong></span> 
     </span>
    </p>
   </div>
  </div>
 </body>
</html>
