4017 5984
821 430 983 493 SCRIPTA
1005 429 1158 493 LOGIC-A.

328 568 389 643 lll.
419 564 609 645 SCRIPTA
639 565 820 645 LOGlCA.

224 736 406 815 Scriptorum
422 736 512 811 logici
526 735 689 811 argumenti
711 752 776 811 quae
797 737 828 791 in
850 733 959 812 deper-

184 824 256 883 ditis
269 824 436 883 Aristotelis
448 822 536 881 libris
547 819 682 880 habenda
696 834 776 893 sunt,
792 821 901 900 duplex
915 834 959 881 est

185 930 286 987 genus.
301 912 435 970 Primum
447 929 548 969 eorum
563 922 607 968 est
623 929 705 987 quae,
721 929 812 988 quum
833 910 918 968 titulo
933 922 962 967 et

184 1013 356 1075 argumento
368 999 429 1059 illis
442 998 552 1058 similia
563 1010 658 1057 essent
669 1018 686 1057 e
704 997 811 1075 quibus
825 998 900 1060 illud
914 998 960 1055 lo-

185 1090 256 1161 gicae
277 1100 306 1146 et
319 1088 476 1147 dialecticae
489 1085 633 1146 doctrine
650 1104 758 1165 corpus
778 1099 823 1145 est
837 1106 961 1165 compo-

185 1176 290 1247 situm,
302 1174 350 1233 cui
363 1172 532 1253 philosophi
542 1175 698 1233 Aristotele
711 1174 889 1233 recentiores
904 1177 961 1231 Or-

182 1260 256 1337 gam‘
270 1282 375 1321 nomen
395 1261 565 1321 indiderunt
588 1263 641 1342 [ci.
655 1261 752 1320 Schol.
768 1263 800 1319 in
814 1262 896 1319 Anni.
911 1284 956 1340 pr.

186 1369 217 1427 p.
235 1359 301 1422 ι4ο,
318 1353 341 1407 A
357 1352 407 1422 48,
419 1350 516 1408 llarid
530 1349 562 1408 in
575 1350 671 1426 Categ.
682 1370 712 1427 p.
726 1350 777 1420 25,
790 1349 823 1420 Β,
836 1350 869 1405 31
885 1370 894 1425 ;
910 1352 960 1421 26,

186 1443 222 1509 A,
249 1437 306 1515 22),
322 1438 360 1496 ab
382 1439 512 1516 antiquis
527 1436 737 1516 interpretibus
749 1450 782 1495 ut
795 1438 896 1515 spuria
917 1456 962 1496 re·

182 1524 260 1601 jecto
282 1538 360 1585 sunt.
390 1526 556 1585 Alterorum
582 1525 689 1584 deinde
717 1544 818 1584 eorum
836 1544 962 1601 quorum

185 1614 327 1672 memoria
345 1614 451 1673 sivein
467 1613 618 1673 indicibus
632 1614 694 1672 sive
708 1612 779 1671 alibi
800 1626 903 1671 exstat.
920 1614 963 1672 De

185 1699 240 1759 hoc
252 1702 343 1760 altero
352 1720 458 1778 genere
466 1702 598 1779 loquitur
613 1700 779 1760 Alexander
789 1700 919 1777 Aphrod.
930 1704 962 1760 in

187 1789 276 1851 Arist.
298 1789 402 1869 'l'opic
425 1810 457 1868 p.
482 1790 499 1847 5
525 1789 571 1869 (γι.
599 1789 676 1861 252,
696 1790 738 1860 A,
760 1788 779 1844 8
799 1788 926 1864 brand.)
952 1809 960 1848 ι

186 1878 254 1955 Περὶ
267 1878 295 1935 δὲ
307 1881 354 1949 τῆς
367 1877 435 1935 οθτω
449 1876 593 1955 λεγομένης
604 1877 770 1946 διαλεκτικῆς
783 1874 963 1956 Ἀριστοτέλης

186 1963 234 2039 μὲν
260 1965 305 2022 καί
327 1966 355 2023 έν
386 1964 474 2031 άλλοις
499 1964 612 2043 βιόλέοις
632 1964 883 2043 πεπραγμάτευται,
908 1964 961 2041 μά.
994 2002 997 2008 ,

187 2055 264 2109 ’κιστα
288 2048 315 2110 δὲ
339 2052 366 2109 ἐν
390 2051 522 2119 τούτοιςά
543 2050 715 2131 ἐπιγράφεται
730 2051 847 2110 Τοπικά.
871 2050 964 2127 Magis

186 2142 274 2199 etiam
289 2140 445 2219 perspicue
457 2142 517 2200 alio
536 2142 603 2225 loco
618 2140 696 2199 idem
712 2140 799 2200 hosce
811 2142 904 2217 tangit
924 2140 977 2210 li·⁴

188 2228 272 2304 bros,
295 2247 359 2287 stre
380 2230 478 2309 potius
492 2241 731 2306 argumentorum
757 2229 961 2300 collectiones,

186 2317 222 2375 ud
241 2317 471 2395 discipulorum,
494 2332 527 2377 ut
550 2317 676 2390 videtur,
698 2336 784 2377 usum
797 2318 961 2391 institutas,

186 2424 308 2479 qnorum
319 2407 406 2482 longe
415 2408 572 2464 ruariorum
583 2424 736 2465 numerum
746 2406 841 2465 nostri
851 2405 962 2464 indices

187 2508 347 2553 recensent.
362 2497 459 2564 Quum
472 2495 553 2553 enim
568 2495 773 2575 philosophus,
789 2494 825 2552 de
838 2493 963 2552 utilitato

184 2576 364 2659 ‘Ioprrorum
379 2582 534 2659 disputans
544 2581 649 2659 'l'opic
661 2581 687 2653 l,
701 2602 731 2648 2,
744 2580 852 2661 σαπρὸς
861 2604 963 2659 γομνα·

187 2670 260 2740 σίαν,
284 2668 345 2747 πρδς
364 2669 410 2736 τάς
423 2668 562 2746 ἐντεύξεις,
576 2669 640 2751 πρὸς
662 2668 709 2737 τάς
720 2669 788 2730 κατά
810 2669 963 2751 ριλοσορίαν

187 2756 335 2831 ἐπιστήμας
352 2759 437 2817 utilio
454 2777 517 2818 esse
530 2758 670 2830 dixisset,
687 2760 723 2816 de
736 2758 889 2836 prioribus
902 2759 964 2819 haec

187 2848 318 2919 strom,
334 2846 376 2907 ib.
388 2866 419 2925 p.
435 2847 470 2904 16
484 2846 528 2923 (p.
545 2847 616 2923 254,
630 2847 666 2919 Β,
684 2846 730 2924 ιο)
745 2868 752 2904 :
765 2844 803 2906 Ἢ
817 2847 964 2925 γυμνασίαν

186 2934 259 3010 λέγοι
277 2930 310 2990 ἀν
324 2931 372 3004 τήν
383 2936 419 2998 τίς
436 2931 559 3010 ἑκάτερον
580 2930 660 3013 μέρος
679 2932 854 3012 ἐπιχείρησιν.
866 2923 921 2992 Ἦν
936 2934 964 2994 δέ

187 3023 296 3096 σύνηθες
309 3020 339 3080 εδ
346 3026 464 3081 τοιοῦτον
475 3009 542 3087 εἶδος
552 3021 605 3078 τῶν
613 3018 699 3098 λόγων
709 3028 762 3087 τοῖς
776 3019 908 3100 ἀρχαίοις,
919 3024 964 3082 καὶ

187 3114 233 3180 rit
248 3111 385 3178 συνουσίας
397 3108 444 3176 τδς
459 3108 586 3174 πλείστας
595 3112 685 3167 τοῦτον
699 3109 832 3168 ἐποιοῦντο
847 3110 890 3170 τὸν
904 3110 963 3185 τρό-

188 3223 249 3281 πον,
263 3205 310 3261 οὗκ
324 3200 368 3259 ἐπὶ
383 3196 492 3277 βιθλίων
506 3194 596 3276 ῶσπερ
609 3200 654 3254 νῶν
671 3195 682 3275 (
689 3196 718 3254 οὗ
730 3194 783 3275 γάρ
800 3187 832 3268 ῆν
845 3220 889 3257 πω
903 3196 965 3258 τότε

187 3294 295 3349 τοιαῦτα
308 3286 428 3370 βιθλία),
441 3284 511 3346 ἀλλά
520 3283 690 3352 θίσεύνςτινος
696 3283 813 3358 τεθείσης
825 3285 860 3352 εἰς
866 3284 964 3360 ταύτην

188 3378 360 3455 γυμνάζοντες
370 3375 457 3434 αὐτῶν
471 3372 502 3433 rb
514 3372 578 3453 πρδς
591 3370 639 3439 τάς
648 3370 822 3452 ἐπιχειρήσεις
835 3372 965 3451 εύρετικδν

189 3464 337 3544 ἐπεχείρουν
361 3452 599 3529 κατασκευάζοντίς
624 3458 721 3518 τεκαὶ
748 3458 966 3527 ἀνασκευάζοντες

189 3553 222 3612 δι’
231 3553 339 3622 ἐνδόξων
349 3550 379 3610 rb
391 3550 518 3627 κείμενον.
533 3546 588 3609 Καὶ
601 3548 656 3606 ἔστι
673 3546 765 3627 βιόλία
777 3552 886 3606 τοιαῦτα
897 3546 965 3628 'Apo

189 3640 305 3700 στοτέλιι
319 3662 347 3697 τε
362 3638 408 3697 καί
421 3635 584 3717 θεοφράστῳ
601 3635 782 3715 γεγραμμένα,
801 3635 897 3716 έχοντα
918 3635 965 3708 τήν

190 3726 267 3791 είςτδ
281 3724 446 3800 ἀποκείμενα
458 3728 490 3782 δι’
502 3722 608 3790 ἐνδόξων
620 3723 781 3803 ἐπιχείρησιν
795 3724 846 3802 (cf.
860 3724 966 3783 Dsche·

189 3812 320 3873 maludd.
346 3813 419 3888 54),
439 3812 518 3889 quod
543 3831 608 3869 cum
629 3825 658 3869 et
677 3812 780 3871 Theon
804 3812 962 3890 Progymn.

190 3922 215 3962 c.
227 3922 257 3973 2,
273 3914 293 3961 t.
307 3899 373 3979 l,p.
389 3898 444 3957 265
459 3898 549 3956 Walz.
566 3900 737 3958 confirmat:
755 3899 965 3980 Παραδείγματα

190 3989 218 4049 δέ
238 3991 285 4061 τῆς
298 3990 350 4046 τῶν
370 3985 465 4046 θέσεων
487 3986 633 4065 γυμνασίας
654 3986 744 4045 λαάεῒν
764 3987 820 4047 ἐστὶ
841 3986 916 4067 παρά
936 4010 966 4047 τε

190 4074 382 4155 Ἀριστοτέλους
394 4073 439 4134 καί
447 4074 629 4156 θεορριίστου·
641 4075 727 4134 πολλά
739 4074 790 4155 γάρ
800 4077 870 4135 ἐστιν
881 4078 966 4136 αὐτῶν

191 4163 282 4243 βιύλία
305 4162 412 4224 θέσεων
434 4163 645 4243 ἐπιγραφόμενα,
665 4175 725 4222 tum
749 4163 965 4241 quodammodo

190 4265 219 4311 et
243 4251 396 4311 notissima
419 4248 572 4309 Strabonis
595 4250 686 4309 verbo
711 4264 850 4310 testantur
874 4250 963 4327 Xlll,

191 4358 221 4417 p.
237 4339 294 4397 608
310 4360 318 4396 z
332 4334 434 4408 Συνέὸη
446 4336 475 4395 δέ
488 4344 540 4404 τοῖς
552 4338 582 4396 ἐκ
598 4340 649 4396 τῶν
668 4336 839 4416 Περιπάτων,
853 4347 905 4405 τοῖς
917 4338 965 4417 μέν

190 4428 272 4485 πύλαι
289 4426 342 4493 τοῖς
354 4424 614 4509 μιτάΘιύρραστον,
626 4428 673 4487 οὔκ
685 4426 788 4506 έχουσιν
800 4426 867 4490 θλως
877 4427 910 4486 τδι
925 4431 966 4507 βι·

190 4515 268 4591 5λία,
278 4512 348 4586 πλήν
360 4512 461 4593 ὀλίγων,
480 4511 526 4572 καί
540 4512 656 4588 μάλιστα
668 4515 720 4571 τῶν
728 4512 901 4594 ἐξωτερικῶν,
913 4540 965 4593 μη·

191 4602 232 4661 δέν
245 4600 316 4682 έχειν
326 4604 474 4681 ριλοσορεῖν
489 4602 690 4681 πραγματικῶς,
705 4600 774 4660 ἀλλά
785 4601 866 4669 θέσεις
879 4604 964 4675 ληκυ-
988 4666 993 4683 1

192 4691 276 4759 θίζειν.
292 4688 379 4761 Quod
400 4690 425 4748 si
440 4709 505 4766 quae
516 4688 553 4746 ab
567 4690 634 4768 ipso
650 4689 805 4748 Aristotele
818 4688 922 4768 Topic.
936 4690 964 4763 l,

196 4798 240 4855 19,
265 4778 385 4856 ejusque
400 4778 558 4856 interprete
582 4798 611 4855 p.
637 4779 674 4846 43
700 4778 867 4851 dictasunt,
882 4777 966 4837 deeo

190 4865 269 4944 quod
282 4866 359 4924 inter
368 4862 437 4924 θέσιν
450 4877 479 4923 et
491 4864 636 4944 πρόθλημα
650 4865 774 4937 intersit,
790 4866 964 4941 colligimus,

187 4954 249 5030 jam
264 4953 338 5012 illud
349 4954 533 5012 manifestum
551 4954 608 5013 erit
620 4954 708 5013 hosce
722 4951 829 5015 Θέσεων
852 4951 965 5026 libros,

190 5038 276 5099 libris
295 5039 512 5099 Problemntum
531 5042 699 5101 simillimos
716 5041 820 5116 luisse,
840 5060 894 5100 nec
908 5043 966 5101 mi-

191 5146 246 5186 nus
268 5128 360 5203 igitur
379 5128 656 5207 interpolationrbus
680 5129 833 5190 obnoxios.
855 5129 898 5188 Ex
919 5130 966 5190 his

191 5226 286 5272 tomen
297 5214 410 5273 nullum
423 5229 536 5275 exstare
552 5216 744 5293 fragmentum
754 5218 879 5279 videtur.

284 5331 453 5370 ARISTOTELES.
469 5332 526 5370 tot.
544 5332 578 5369 tt.

1729 442 1787 502 ll3

1056 564 1080 620 A
1101 562 1209 625 θέσεων
1230 562 1333 637 libris,
1357 567 1408 643 qui
1432 566 1613 627 vocabantur
1631 568 1787 650 Ἐπιχειρη-

1015 649 1106 723 μάτων
1119 649 1171 727 (cf.
1187 652 1273 728 Diog.
1286 652 1382 711 Laeti.
1401 652 1460 733 (65)
1475 653 1705 735 Ἐπιχειρημάτων
1720 656 1785 735 α’β’,

1014 736 1083 817 (ρο)
1099 737 1193 805 Θέσεις
1207 738 1443 819 ἐπιχειρηματικαὶ
1452 738 1496 821 κέ)
1513 762 1572 802 non
1587 743 1709 803 multum
1725 744 1787 803 lor-

1014 838 1088 884 tasse
1105 825 1217 885 diversi
1231 827 1357 888 luerunt.
1370 827 1415 885 Ad
1430 848 1505 906 quos
1520 842 1613 891 tumen
1626 850 1695 889 num
1710 833 1759 891 ref
1773 867 1787 877 -

1015 912 1787 992 reodosintqusehabetAristotelesdeldemoriao.s:

1013 1002 1125 1079 Πρῶτον
1140 999 1186 1077 μέν
1203 991 1246 1060 ode
1261 1002 1310 1061 ὅσα
1324 1004 1351 1060 ἐν
1375 1005 1428 1069 τοῖς
1446 1004 1688 1083 έπιχειρηματικοῑς
1699 1004 1785 1082 λόγοις

1014 1088 1084 1148 ἐστίν
1105 1089 1190 1160 ἀληθῆ
1215 1090 1254 1147 δεῖ
1275 1088 1391 1147 τίθεσθαι
1414 1093 1449 1155 ὡς
1476 1090 1637 1171 θπάρχοντα·
1654 1089 1713 1150 οὔτε
1738 1092 1788 1171 γὰρ

1015 1175 1120 1255 μνήμης
1134 1176 1204 1237 ἐστίν
1218 1175 1371 1255 ἀνάληψιεὴ
1387 1178 1533 1254 ἀνάμνησις
1549 1177 1608 1237 οὔτε
1623 1180 1701 1259 λῆψις
1724 1178 1789 1259 [ubi

1014 1266 1057 1324 sic
1071 1265 1194 1324 Michael
1208 1264 1351 1343 Ephesius
1364 1264 1384 1326 l.
1401 1266 1452 1322 131
1469 1284 1554 1325 verso
1569 1287 1576 1323 ε
1591 1265 1790 1347 Ἐπιχειρημά-

1015 1349 1099 1417 τικοίις
1111 1350 1202 1427 λόγους
1216 1349 1287 1429 λέγει
1305 1350 1339 1409 τδι
1353 1350 1542 1429 προόλήματα.
1558 1351 1638 1415 Ἐστι
1658 1354 1684 1412 δέ
1701 1353 1732 1412 εδ
1744 1356 1789 1414 λε·

1014 1438 1131 1517 γόμενον·
1155 1437 1203 1497 όσα
1218 1440 1244 1496 έν
1262 1438 1315 1503 τοῖς
1337 1437 1523 1517 προόλήμασιν
1538 1440 1601 1517 ἡμῖν
1623 1440 1725 1519 εἴρηται
1745 1440 1790 1499 καὶ

1015 1524 1145 1584 δέδεικται
1157 1526 1342 1591 ἀποδεικτικῶς
1352 1524 1412 1603 περὶ
1427 1525 1613 1603 ἀναμνήσεως,
1627 1527 1666 1585 δεῖ
1680 1530 1789 1586 ἐνταῦθα

1015 1614 1050 1678 ὡς
1063 1611 1257 1689 ὁμολογούμενα
1269 1610 1433 1687 λαμάἀνειν,
1449 1626 1477 1671 et
1492 1613 1627 1672 similiter
1638 1614 1699 1693 jttm
1714 1615 1791 1674 The-

1016 1700 1130 1759 mistius
1151 1698 1199 1759 tot.
1218 1719 1255 1775 97
1272 1710 1364 1771 recto,
1387 1711 1408 1759 t.
1430 1699 1474 1771 11,
1496 1721 1526 1778 p.
1546 1710 1615 1773 242,
1642 1704 1676 1759 26
1698 1701 1791 1780 Spen-

1016 1788 1069 1862 gel.
1089 1786 1179 1847 ιὍσα
1196 1787 1290 1854 ἐντοῖς
1308 1788 1549 1867 ἐπιχειρηματικῶς
1569 1787 1654 1865 λόγοις
1667 1788 1712 1847 καλ
1726 1813 1793 1868 προ-

1017 1872 1259 1949 όληματικοῖςὴμῖν
1270 1872 1479 1952 ἀποδέδεικται),
1490 1876 1540 1932 vix
1553 1876 1643 1951 magis
1654 1878 1791 1936 allirmori

1015 1962 1099 2037 licet,
1116 1981 1201 2039 quam
1216 1962 1251 2021 de
1265 1963 1301 2021 iis
1315 1982 1380 2039 quae
1400 1964 1535 2039 leguntur
1549 1965 1626 2043 apud
1648 1964 1789 2025 Joannetn

1015 2048 1210 2127 philoponum
1224 2051 1255 2107 in
1268 2050 1350 2109 Anal.
1364 2061 1438 2127 post.
1452 2051 1504 2107 fol.
1518 2051 1552 2108 51
1564 2071 1651 2111 verso
1664 2055 1709 2131 (p.
1721 2074 1790 2126 227,

1016 2140 1052 2205 A,
1066 2137 1102 2202 43
1112 2135 1233 2213 Brand.)
1247 2158 1254 2193 :
1265 2132 1434 2216 Λογικύιτερα
1444 2132 1473 2193 δέ
1483 2158 1561 2215 ρησιν
1576 2138 1769 2218 ἐπιχειρήματα
1779 2144 1792 2197 ὁ

1018 2218 1181 2299 Ἀλέξανδρος
1195 2221 1230 2280 τά
1240 2221 1283 2281 ἐπὶ
1294 2225 1344 2281 τῶν
1352 2223 1483 2303 ὁρισμῶν,
1495 2212 1646 2303 οἷςπρύπως
1656 2224 1792 2304 κέχρηται.

1017 2306 1155 2384 Δαμόοίνει
1164 2310 1215 2389 γάρ
1226 2306 1266 2367 ότι
1278 2309 1342 2368 εἰσίν
1355 2309 1459 2390 θρισμολ
1470 2310 1516 2367 καί
1530 2308 1599 2369 ἔστιν
1613 2310 1750 2392 ὁρίσασθαι
1760 2315 1793 2373 τὰ

1015 2396 1174 2474 πράγματα,
1184 2396 1222 2474 μή
1236 2396 1434 2465 δείξαςότιείσλν
1444 2396 1707 2478 ὑρισμοί,ιῖισπερκαλ
1721 2402 1792 2483 ἐντῷ

1015 2482 1129 2565 δευτέρῳ
1135 2486 1187 2543 τῶν
1199 2488 1318 2561 Λογικῶν
1330 2484 1564 2565 Ἐπιχειρημάτων
1574 2486 1705 2563 λαμόάνει
1715 2492 1792 2547 τοῦτο

1015 2569 1216 2647 ὡμολογημένον
1231 2570 1272 2628 θτι
1290 2570 1360 2631 έστιν
1372 2572 1511 2641 ἀπόδειξις.
1525 2572 1623 2652 Ipsius
1637 2575 1715 2632 enim
1727 2576 1793 2634 Ari·

1017 2658 1128 2717 stotelis
1141 2658 1231 2717 verbo
1245 2660 1349 2718 nonde
1361 2660 1439 2719 libro
1453 2660 1500 2719 sed
1516 2659 1552 2719 de
1562 2664 1791 2739 disputationum

1016 2765 1121 2822 genere
1142 2748 1308 2825 accipienda
1333 2762 1416 2822 sunt,
1431 2769 1521 2827 quum
1542 2762 1645 2807 contra
1666 2749 1793 2811 Joennes

1018 2834 1217 2913 Philoponus‚
1238 2855 1308 2906 non,
1332 2850 1364 2895 ut
1388 2836 1523 2895 nonnulli
1546 2837 1706 2895 voluerunt
1733 2840 1790 2915 (cl.

1018 2922 1157 2993 tsi-andis,
1177 2928 1346 2995 Aristoteles,
1366 2922 1396 2997 l,
1411 2944 1441 3003 p.
1461 2925 1515 2995 86,
1536 2922 1641 2997 Zeller,
1665 2926 1792 2983 Philoso-

1015 3012 1085 3087 phie
1095 3014 1148 3068 der
1161 3012 1294 3068 Griechen
1305 3025 1325 3070 t.
1338 3012 1377 3089 ll,
1389 3034 1419 3091 p.
1431 3012 1480 3084 54,
1497 3012 1609 3083 Prantl,
1628 3013 1793 3072 Gesclrichte

1017 3100 1165 3172 derLogr'l·
1181 3098 1237 3173 tl,
1257 3120 1285 3177 p.
1299 3101 1351 3176 94)
1372 3099 1552 3179 deperditum
1565 3100 1708 3177 quendam
1728 3101 1794 3160 Ari·

1017 3184 1129 3243 stotelis
1140 3183 1261 3258 librum,
1274 3188 1324 3245 sed
1336 3188 1428 3265 ipsum
1442 3188 1473 3246 in
1488 3206 1574 3266 quem
1585 3202 1793 3249 commentatus

1018 3285 1059 3332 est
1078 3273 1247 3352 philosophi
1272 3276 1368 3333 locum
1393 3276 1555 3352 significat,
1579 3274 1659 3353 quod
1682 3278 1791 3355 optime

1018 3361 1227 3421 demonstrarit
1248 3362 1371 3435 llosius,
1387 3384 1418 3441 p.
1446 3368 1518 3436 123,
1535 3364 1647 3423 collatis
1661 3364 1791 3442 ejusdem

1018 3448 1175 3527 Philoponi
1195 3450 1295 3511 verbis
1312 3452 1364 3512 fol.
1381 3452 1418 3510 56
1433 3464 1573 3529 recto,p.
1590 3452 1707 3529 229,1t,
1728 3454 1765 3511 25
1782 3476 1789 3510 :

1020 3534 1054 3597 Ἥ
1066 3544 1111 3595 τοῦ
1129 3536 1294 3619 Ἀλεξάνδρου
1312 3538 1432 3618 ἐξήγησις
1443 3543 1460 3611 ἡ
1475 3541 1518 3599 ἐπὶ
1529 3546 1575 3599 τοῦ
1590 3539 1718 3620 προτέρου
1730 3546 1785 3602 ἐπι·

1018 3624 1178 3705 χιιρήματος
1198 3640 1227 3684 et
1238 3628 1271 3685 31
1288 3648 1296 3683 ε
1311 3626 1363 3687 Διά
1375 3626 1463 3705 μέντοι
1476 3632 1522 3685 τοῦ
1533 3630 1578 3684 νῦν
1588 3627 1791 3707 ἐπιχειρήματος

1019 3712 1145 3771 δείκνυσιν
1158 3716 1218 3775 κτλ.

1057 3797 1223 3857 Cavendum
1247 3820 1317 3858 vero
1336 3813 1380 3859 est
1402 3820 1439 3861 ne
1460 3803 1492 3860 iu
1515 3800 1640 3860 similem
1665 3818 1791 3862 errorem

1018 3885 1197 3946 abducamur
1208 3886 1245 3946 ab
1258 3890 1386 3966 antiquis
1394 3889 1561 3969 philosophi
1572 3889 1791 3967 interpretibus,

1019 3974 1070 4052 qui
1084 3995 1173 4053 quum
1188 3988 1295 4035 certam
1308 3976 1515 4055 definitumque
1524 3976 1690 4036 Aristotelis
1702 3976 1793 4037 libro·

1019 4082 1083 4122 rum
1110 4076 1220 4141 partem
1247 4064 1391 4142 quandam
1412 4064 1543 4125 indicare
1565 4065 1693 4138 vellent,
1715 4064 1792 4125 haud

1018 4150 1107 4208 semel
1119 4150 1301 4229 deperditum
1314 4154 1439 4230 aliquem
1451 4155 1595 4231 respicere
1615 4151 1752 4212 videntur
1762 4168 1791 4213 et

1019 4237 1138 4315 quidem
1160 4239 1245 4296 talem
1268 4258 1343 4317 saepc
1363 4240 1448 4317 cujus
1470 4240 1571 4298 titulus
1593 4241 1625 4298 in
1645 4239 1792 4299 indicibus

1019 4326 1173 4404 reperitur.
1183 4326 1392 4406 Exemploipse
1401 4327 1591 4386 eritJoannes
1600 4328 1790 4407 Philoponus,

1018 4415 1128 4492 quippe
1150 4434 1252 4491 quem,
1268 4416 1299 4473 in
1315 4416 1477 4475 Aristotelis
1489 4418 1573 4477 Anat.
1599 4429 1674 4494 post.
1690 4416 1739 4475 sol.
1757 4427 1791 4485 24

1018 4515 1097 4561 recto
1108 4502 1154 4582 (p.
1165 4522 1233 4575 202,
1244 4503 1278 4576 tt,
1294 4504 1349 4581 29)
1360 4505 1400 4561 ita
1409 4503 1551 4563 dicentem
1563 4526 1569 4563 ι
1585 4510 1618 4569 ὡς
1629 4505 1755 4563 δέδεικται
1765 4506 1791 4562 ἐν

1018 4593 1055 4670 τῷ
1069 4590 1130 4670 περὶ
1138 4592 1323 4671 συλλογισμοῦ,
1331 4592 1367 4651 de
1380 4592 1458 4651 libro
1471 4594 1652 4669 Συλλογισμοῦ
1661 4589 1790 4669 α’(ὓίος.

1020 4677 1053 4739 L.
1080 4680 1134 4756 48)
1157 4678 1218 4737 sive
1245 4680 1434 4757 Συλλογισμῶν
1458 4676 1484 4736 α’
1501 4680 1524 4758 β’
1554 4680 1657 4758 (Diog.
1682 4680 1715 4740 L.
1737 4680 1790 4753 56,

1021 4767 1116 4827 Αιιοιι.
1136 4769 1189 4845 46)
1204 4769 1343 4846 inscripto
1356 4768 1436 4845 loqui
1452 4769 1617 4827 existimare
1630 4766 1723 4846 possit
1737 4767 1792 4826 ali·

1020 4856 1192 4933 quis‚quum
1204 4868 1297 4915 tarnen
1307 4856 1441 4914 Priorum
1450 4856 1669 4933 Analyticorum
1680 4866 1792 4931 partem

1021 4943 1030 5020 4
1037 4943 1081 5017 11,
1098 4946 1127 5016 5,
1143 4944 1204 5002 sire
1227 4944 1276 5024 ιο)
1292 4944 1477 5021 significarit,
1495 4943 1594 5001 eodem
1609 4941 1694 5019 plane
1704 4942 1791 5001 modo

1020 5053 1079 5112 quo
1093 5034 1157 5113 ipse
1178 5034 1347 5093 Aristoteles
1363 5034 1395 5091 in
1409 5032 1523 5109 Analyt.
1540 5042 1618 5109 post.
1634 5030 1660 5099 1,
1677 5028 1706 5101 θ,
1724 5050 1739 5101 7
1764 5044 1793 5091 et

1022 5152 1068 5203 τι,
1089 5134 1129 5191 8:
1145 5130 1280 5191 Δέδεικται
1296 5134 1321 5190 έν
1338 5138 1390 5195 τοῖς
1404 5130 1463 5206 περὶ
1476 5126 1653 5202 συλλογισμοῦ
1665 5122 1789 5184 dixerut.

1019 5218 1083 5295 (δέ.
1101 5218 1203 5278 Galen.
1227 5218 1262 5276 de
1285 5216 1365 5274 Libr.
1390 5233 1490 5292 propr.
1515 5225 1535 5272 t.
1559 5208 1642 5287 xlx,
1671 5231 1703 5289 p.
1731 5217 1764 5278 42
1777 5248 1788 5285 ,

1683 5320 1698 5366 8
