4017 5984
831 463 1088 527 maruntium.
1675 467 1729 527 22!

18 587 19 676 3
132 591 221 668 gitur,
248 589 312 671 ἰδίᾳ,
334 591 401 651 vitii
420 605 515 650 tamen
540 591 651 671 aliquid
670 606 699 653 et
718 593 769 652 hic
787 593 906 656 subesse
963 597 1126 674 antiquiori
1145 608 1174 655 et
1187 594 1316 673 graviori
1338 593 1463 671 quodam
1478 608 1594 654 auctore
1607 597 1736 670 firmisse,

132 681 296 756 suspicatus
316 691 361 738 est
380 681 575 754 Bernaysius,
592 681 661 758 qui,
680 693 712 740 ut
727 681 820 758 solet,
841 703 907 741 acu·
961 686 1242 762 similitudinemque
1273 682 1419 761 quandam
1447 683 1524 742 inter
1551 685 1736 744 Aristoteleas

131 767 242 826 tissime
254 767 291 826 de
304 766 421 827 Politiis
436 767 598 846 disputavit
610 768 643 828 in
663 770 824 830 Bheinr‘sch.
842 773 908 828 Mu·
961 773 1122 835 Politiaset
1131 771 1193 833 Bias
1202 770 1333 837 Ἑλλάδος
1343 770 1513 842 llicaearcbi,
1524 771 1736 848 cujussiugulae

130 875 207 911 reum
227 859 266 918 Ν.
284 859 384 933 Folge,
402 867 422 916 t.
437 853 501 928 Vll,
519 875 548 934 p.
565 856 622 913 stt
634 875 700 934 sqq.
713 849 839 933 Egregia
852 859 908 934 igi·
962 875 1061 940 partes
1076 860 1196 919 tortasse
1209 858 1386 919 Politiarum
1401 859 1521 918 nomine
1539 860 1678 933 citantur,
1693 875 1735 921 at-

132 957 178 999 tur
203 941 373 1020 conjecture
401 943 496 1002 locutu
523 943 636 1002 sanavit
662 964 718 1022 pru
747 942 818 1025 tttq,
842 945 907 1004 tha
962 968 1019 1028 que
1039 947 1171 1008 Clearcbi
1195 945 1325 1005 Solensis
1345 945 1423 1014 Bias<
1444 948 1661 1007 intercessisse?
1681 951 1736 1011 Cui

133 1029 290 1090 scribendo
303 1043 332 1089 et
345 1029 490 1090 vocabulo
507 1031 593 1090 κοιναί
602 1044 667 1090 ante
681 1030 727 1092 sal
740 1032 906 1102 inserendo,
962 1035 1113 1095 sententia
1134 1034 1220 1092 fidem
1234 1031 1405 1091 conciliabit
1423 1053 1489 1092 cum
1510 1034 1734 1110 fragmentorum

131 1120 172 1178 ita
189 1131 222 1178 ut
236 1119 299 1198 jani
320 1118 555 1184 habeamusldlaa
571 1119 705 1186 πολιτείας
718 1139 791 1200 quas
809 1122 908 1190 κοιναῖς
961 1121 1142 1193 similitudo,
1167 1132 1233 1179 tum·
1252 1118 1427 1178 Varroniani
1448 1120 1550 1198 scripti
1571 1122 1673 1182 titulus
1700 1125 1735 1183 ad

132 1225 320 1287 opponamus,
340 1207 389 1266 bis
401 1208 478 1287 apud
493 1208 751 1287 Harpocrationem
770 1209 906 1283 laudatis,
961 1210 1130 1270 Graecorum
1161 1207 1354 1269 imitationem
1383 1208 1538 1284 compositi
1570 1230 1577 1266 ι
1605 1213 1648 1267 De
1673 1221 1736 1270 utto

130 1295 263 1375 Ἀρκάδων
278 1295 429 1355 scilicetet
445 1296 592 1357 Θεσσαλῶν
610 1316 634 1356 s.
650 1319 679 1356 v.
694 1295 792 1376 Μύριοι
810 1297 837 1356 lv
850 1297 906 1356 th·
958 1303 1060 1375 pagurii
1093 1302 1212 1356 domani
1237 1299 1272 1356 ll.
1298 1299 1355 1355 IV.
1382 1293 1429 1353 Cl'.
1459 1293 1587 1372 catalog.
1614 1318 1735 1376 operum

131 1382 202 1460 γιιἊῃ
216 1381 291 1440 nohas
308 1393 337 1440 et
356 1382 519 1462 Τιτραρχῖα.
537 1382 642 1444 Verum
663 1384 716 1443 bac
736 1385 907 1445 difficultate
960 1385 1101 1445 Varronis
1116 1386 1148 1444 in
1160 1387 1314 1461 Sptcv'legv'o
1327 1385 1505 1454 Solermenu',
1522 1395 1542 1444 t.
1561 1389 1616 1458 111,
1633 1407 1662 1465 p.
1679 1389 1735 1445 312

134 1469 259 1542 feliciter
272 1467 386 1529 sublata
406 1472 497 1530 altera
507 1473 568 1545 jam
582 1486 671 1532 restat
690 1491 782 1552 eaque
796 1477 906 1550 gravis·
961 1484 989 1532 et
1004 1473 1163 1549 fragmenta
1177 1471 1213 1530 ad
1226 1471 1334 1529 calcem
1350 1469 1489 1529 editionis
1506 1469 1682 1549 Bipontiuae.

131 1557 316 1628 sima.Quam
329 1570 424 1617 umen
434 1577 523 1636 quum
538 1560 571 1619 in
581 1560 645 1619 solo
658 1560 803 1620 vocabulo
815 1583 908 1640 supav·
1001 1559 1067 1617 llaec
1095 1561 1121 1619 si
1148 1548 1248 1618 nostia
1268 1557 1450 1635 comparatio
1473 1556 1650 1635 probabitur
1671 1559 1733 1636 J'am

131 1643 203 1704 νιιιιιι
213 1646 335 1724 positam
347 1645 541 1706 arbitraretur
556 1648 743 1724 beruaysius,
758 1667 864 1708 vereor
874 1663 907 1708 ut
961 1649 1054 1706 multo
1067 1645 1224 1707 dilucidius
1242 1644 1409 1723 apparebit,
1431 1645 1578 1722 quomodo
1592 1648 1628 1705 de
1648 1646 1734 1707 Arisss

132 1751 247 1793 omnent
260 1732 470 1794 dubitationem
491 1734 586 1794 dehis
604 1734 704 1795 verbis
720 1734 906 1814 penitusdis·
960 1734 1066 1793 toteleo
1094 1752 1182 1810 opere
1203 1732 1396 1810 judicandum
1430 1733 1478 1790 sit.
1501 1730 1582 1790 Patet
1604 1734 1680 1791 enim
1704 1736 1736 1794 in

131 1823 262 1880 cesserit.
277 1819 355 1891 Quid
374 1822 460 1890 euim,
487 1821 543 1880 hoc
563 1822 640 1892 loco,
657 1835 762 1901 praeter
775 1824 905 1900 priorem
960 1823 1086 1899 singulis
1107 1820 1225 1880 Politiis
1252 1820 1407 1896 diligenter
1428 1819 1550 1878 collecta
1569 1835 1598 1879 et
1619 1835 1736 1882 enotata

131 1909 211 1968 illam
230 1907 407 1968 divisionem
419 1912 448 1966 in
461 1908 528 1975 ἰδίας
540 1921 570 1966 ιι
583 1908 680 1980 κοινάς,
693 1909 785 1968 altera
798 1909 829 1968 in
843 1929 906 1968 res-
962 1911 1051 1970 luisse
1064 1928 1245 1987 quacunque
1268 1910 1303 1967 ad
1318 1907 1461 1985 cujusque
1480 1909 1610 1967 civitatis
1633 1911 1733 1982 situm,

131 1996 264 2076 publicas
286 1995 506 2068 democraticas,
529 1995 731 2071 oligarebicas,
757 1995 908 2056 aristocra·
960 2000 1125 2075 originem,
1139 1999 1333 2068 incrementa,
1351 1996 1501 2068 instituta,
1515 1997 1610 2073 leges,
1625 2019 1731 2070 mores,

131 2087 212 2158 ticos,
231 2083 291 2144 sibi
309 2084 382 2144 velit
393 2083 513 2144 minime
527 2082 661 2161 equidem
674 2083 832 2164 perspicio.
847 2083 906 2142 lta·
964 2087 1164 2162 magistratus,
1183 2085 1341 2161 religiones
1354 2084 1527 2143 illustranda
1546 2087 1734 2163 pertinerent.

132 2191 188 2249 que
215 2171 301 2250 plane
324 2191 388 2230 curn
412 2171 444 2228 C.
465 2171 588 2231 hiiillero
609 2173 716 2248 seatio,
736 2172 817 2232 illam
833 2173 908 2231 male
961 2175 1062 2251 ltaque
1077 2175 1183 2232 sactum
1194 2186 1249 2245 est,
1265 2184 1298 2232 ut
1314 2172 1474 2247 fragmenta
1485 2191 1568 2248 pane
1585 2175 1683 2233 omnia
1697 2176 1734 2234 ad

131 2261 187 2318 huc
216 2272 336 2338 propter
358 2259 481 2318 Politice
498 2260 605 2318 illatam
632 2279 695 2320 esse
715 2259 905 2321 existimanti.
961 2255 1054 2322 certas
1062 2262 1147 2341 quasi
1159 2262 1263 2321 classes
1280 2259 1413 2319 revocari
1430 2257 1555 2336 possint.
1568 2258 1685 2339 Quippe
1699 2264 1730 2320 in

131 2347 178 2408 ct.
205 2347 316 2423 Fragm.
337 2347 413 2409 llist.
432 2367 478 2423 gr.
499 2360 519 2408 t.
542 2347 581 2422 ll,
604 2369 635 2426 p.
660 2358 725 2416 rot.
743 2347 857 2408 Etenim
880 2351 907 2408 si
961 2349 1163 2429 bispraecipue
1178 2360 1334 2408 versantur
1353 2367 1361 2403 z
1378 2347 1414 2406 ln
1428 2345 1598 2404 enarrandis
1611 2347 1732 2408 urbium

132 2437 233 2512 quales
253 2435 362 2494 luerint
385 2435 551 2496 Aristotelis
573 2437 684 2496 Politia
707 2455 745 2495 ex
763 2437 836 2516 ipsis
859 2456 907 2496 su·
960 2439 1058 2500 initiis
1065 2438 1229 2516 fabulisque
1242 2435 1442 2514 cujuscunque
1452 2435 1568 2509 generis
1582 2435 1618 2494 de
1631 2456 1733 2496 earum

132 2523 302 2601 perstitibus
325 2522 491 2599 fragmentis
504 2542 606 2582 eruere
617 2523 799 2597 conabimur,
820 2543 909 2604 appa·
960 2526 1166 2586 conditoribus
1180 2523 1353 2596 asserendis3
1373 2521 1405 2580 in
1425 2522 1610 2599 explicandis
1633 2544 1732 2584 earum

105 2608 108 2612 ’
132 2611 208 2670 rebit
218 2612 278 2688 jam
293 2610 414 2680 minime
425 2610 457 2670 in
471 2630 507 2669 eo
518 2623 664 2670 versatum
678 2612 764 2671 fuisse
775 2611 907 2690 pbiloso·
961 2611 1130 2672 nominibus
1143 2625 1171 2670 et
1185 2612 1258 2683 situ;
1272 2610 1304 2669 in
1314 2611 1540 2688 interpretandis
1551 2609 1735 2672 obsoletiori·

134 2698 223 2776 pbum
237 2711 269 2757 ut
281 2697 412 2772 singulas
422 2696 554 2756 civitates
565 2699 724 2757 secuudum
737 2699 908 2777 reipublice
960 2697 1017 2759 bus
1034 2713 1063 2758 et
1075 2700 1173 2758 minus
1187 2698 1312 2773 cognitis
1323 2697 1490 2769 vocabulis;
1505 2698 1536 2756 in
1548 2701 1733 2759 enarratione

18 2797 19 2800 ’
131 2805 236 2861 genera
246 2805 306 2863 quo
325 2783 446 2843 delinito
463 2784 589 2860 quodam
607 2797 749 2863 tempore,
764 2786 795 2844 id
805 2798 848 2846 est
860 2788 904 2866 ip-
960 2785 1204 2865 proverbiorum,
1225 2786 1256 2842 in
1275 2783 1448 2842 delinitione
1466 2785 1649 2859 singulorum
1674 2808 1731 2846 ina·

131 2873 193 2932 sius
205 2869 376 2949 philosophi
386 2883 480 2942 aute,
492 2883 655 2944 uterentur,
675 2871 711 2932 ad
723 2885 814 2932 certas
824 2881 913 2950 quas·¹
961 2875 1145 2949 gistratuum,
1157 2869 1350 2949 judiciorum,
1362 2889 1516 2930 munerum
1527 2869 1731 2949 publicorum;

132 2961 197 3017 dam
210 2961 317 3020 classes
327 2971 484 3018 revocaret.
498 2957 557 3018 Nec
570 2960 663 3036 magis
676 2959 833 3039 probandae
845 2980 908 3022 esse
961 2959 992 3019 in
1004 2957 1258 3019 dissertationibus
1273 2957 1312 3016 de
1324 2956 1453 3017 nummis
1463 2971 1492 3016 et
1513 2959 1657 3019 mensuris
1668 2963 1734 3020 cui·

131 3048 268 3106 videntur
281 3066 382 3106 eorum
395 3046 552 3125 opiniones
565 3050 616 3124 qui
629 3048 703 3121 sive,
712 3060 743 3107 ut
758 3067 775 3106 a
794 3047 907 3125 Joanne
960 3067 1019 3125 que
1030 3047 1098 3106 urbi
1117 3044 1328 3124 peculiaribus.
1341 3044 1458 3116 Quibus
1469 3045 1495 3104 si
1512 3046 1660 3107 addideris
1678 3049 1731 3107 ob·

132 3136 308 3215 Philopono,
331 3135 397 3192 loco
411 3153 501 3213 supra
522 3135 650 3208 laudato,
674 3135 780 3194 lactum
796 3148 850 3208 est,
872 3157 907 3196 eo
960 3137 1140 3196 servationes
1150 3135 1291 3214 quasdam
1303 3134 1340 3195 de
1354 3134 1533 3207 renaturali,
1544 3133 1729 3214 publicorum

132 3243 224 3301 usque
252 3223 401 3302 progressi
418 3235 498 3296 sunt,
519 3236 552 3282 ut
576 3223 756 3282 affirmarent
776 3223 907 3302 philoso-
961 3236 1215 3285 monumentorum
1228 3223 1380 3294 notitiam,
1394 3222 1565 3282 memoriam
1579 3225 1733 3301 preclaro·

132 3315 219 3390 phutn
236 3310 389 3372 ostendere
401 3313 543 3384 voluisse,
568 3310 641 3388 quid
662 3314 692 3370 in
710 3330 829 3390 quoque
848 3315 906 3372 rei·
961 3334 1026 3372 rum
1040 3313 1237 3388 inventorum,
1245 3310 1306 3388 jani
1321 3311 1421 3370 omnia
1433 3322 1520 3370 erunt
1534 3310 1651 3388 putode
1665 3315 1732 3390 qui-

131 3399 256 3477 publicae
278 3417 382 3476 genere
408 3397 590 3475 fugiendum,
610 3399 720 3477 quidve
734 3397 906 3476 imitandum
964 3401 1019 3460 bus
1040 3401 1072 3460 in
1096 3401 1211 3462 Politiis
1232 3399 1355 3459 relatum
1383 3411 1454 3458 erat.
1477 3397 1577 3475 Neque
1596 3399 1627 3456 in
1648 3418 1683 3457 ea
1702 3421 1734 3459 re

131 3497 221 3557 esset,
236 3486 299 3544 sive
317 3485 370 3562 qui
384 3485 547 3544 arctissimo
567 3485 688 3544 vinculo
702 3485 822 3544 Politias
841 3507 906 3544 cum
961 3489 1047 3546 aliter
1070 3486 1163 3545 iacere
1180 3505 1299 3564 possum
1314 3484 1388 3563 quin
1402 3502 1420 3543 a
1436 3486 1471 3545 (i.
1488 3484 1612 3546 Miillero
1625 3486 1734 3546 dissen-

133 3573 266 3632 Politicis
287 3572 456 3650 conjunctas
479 3591 542 3632 esse
570 3572 792 3644 contenderent,
817 3575 907 3634 simili
961 3576 1050 3646 tiam,
1063 3575 1115 3651 qui
1129 3592 1219 3650 quum
1234 3573 1278 3632 l.l.
1295 3573 1455 3630 rectissime
1469 3570 1614 3631 laudasset
1635 3599 1647 3624 ι
1662 3574 1733 3632 sim·

18 3677 19 3682 ’
70 3711 73 3716 ,
133 3664 219 3740 plane
240 3662 327 3721 inodo
350 3682 409 3738 quo
433 3661 509 3720 inter
534 3679 565 3721 se
591 3661 754 3720 cohaereant
773 3660 908 3722 Historia
960 3663 1121 3740 plicitatem
1136 3674 1223 3737 atque
1241 3660 1355 3736 antiqui
1370 3660 1426 3718 aevi
1453 3659 1623 3718 cruditatem
1645 3681 1732 3738 quam

18 3759 19 3768 ¹
134 3749 312 3808 hniuvalium
339 3768 404 3805 cuni
433 3749 519 3807 libris
542 3747 578 3806 de
605 3748 800 3808 Generatione
822 3749 908 3809 etde
961 3772 1023 3830 prae
1036 3751 1175 3810 scierunt
1185 3748 1366 3807 narrationes
1380 3766 1396 3805 e
1412 3746 1528 3806 Politiis
1545 3760 1730 3824 excerptae„

133 3835 272 3896 Partibus
286 3834 466 3895 animalium.
482 3834 568 3905 Quod
588 3836 674 3914 plane
695 3835 780 3894 aliter
803 3855 834 3894 se
856 3837 906 3896 ha·
965 3841 1026 3898 hac
1041 3838 1154 3897 addidit
1173 3855 1182 3898 ε
1205 3865 1218 3888 ι
1239 3836 1304 3894 Νοιι
1320 3836 1479 3894 excludunt
1490 3834 1552 3892 haec
1567 3854 1633 3894 acre
1648 3848 1734 3913 utvpte

18 3935 20 4000 ζ
132 3922 232 3982 buisse
246 3933 332 3999 atque
346 3919 395 3979 isti
422 3921 560 3991 sentiunt,
580 3922 723 3999 optimum
742 3933 842 3982 testem
862 3924 907 4004 ip·
961 3927 1112 4006 perspicax
1121 3925 1157 3985 de
1166 3923 1299 3985 iisrebus
1306 3922 1486 4000 judicium.»
1500 3922 1730 3999 Quodeuim,si,

18 4067 19 4090 3
132 4029 195 4069 sum
211 4008 394 4068 Aristotelem
409 4009 542 4086 prolerre
555 4009 635 4082 licet,
650 4009 760 4088 quippe
772 4011 824 4088 qui
839 4030 907 4071 nus·
961 4028 991 4074 ut
1005 4015 1054 4072 vir
1076 4012 1262 4072 doctissimus
1282 4011 1442 4070 arbitratus
1454 4023 1515 4082 est,
1532 4011 1572 4068 ita
1586 4029 1688 4070 revera
1701 4012 1734 4072 se

133 4115 219 4173 quam
249 4095 281 4153 in
308 4109 375 4154 octo
404 4096 597 4158 Politicorum
626 4095 715 4158 libris
741 4117 778 4155 ne
815 4099 906 4158 verbo
960 4099 1127 4177 habuisset,
1146 4099 1281 4178 prolecto
1303 4098 1368 4176 ejus
1392 4100 1435 4157 rei
1458 4097 1632 4157 documenta
1657 4102 1732 4158 inter

132 4183 249 4260 quidem
267 4182 439 4242 Politiaruiu
454 4184 630 4243 mentionem
644 4183 782 4262 injecerit
789 4205 902 4263 ,quum
960 4187 1122 4262 sragtneuta
1144 4199 1300 4258 exstarent.
1321 4186 1392 4257 Quae
1420 4200 1514 4244 autem
1541 4205 1631 4264 quum
1653 4189 1734 4248 nulla

132 4285 232 4330 contra
252 4270 412 4350 sepissime
433 4272 465 4331 in
486 4270 574 4332 libris
595 4290 670 4349 quos
690 4271 907 4334 nominavimus
958 4273 1026 4342 sint,
1053 4287 1083 4332 ut
1098 4274 1162 4352 ipse
1175 4274 1279 4331 latetur
1297 4273 1457 4346 hliillerus,
1472 4271 1533 4349 jam
1548 4272 1734 4352 probabilior

134 4360 279 4420 ttistorias
299 4358 479 4418 animalium
502 4358 642 4418 laudavit.
674 4362 717 4418 De
748 4361 906 4437 quaestione
958 4361 1105 4438 sequenda
1118 4362 1175 4421 erit
1186 4362 1309 4439 opinio,
1332 4362 1465 4421 consulto
1480 4362 1541 4421 baec
1556 4361 1594 4420 ab
1615 4363 1732 4424 Aristo-

134 4448 225 4524 igitur
240 4448 394 4528 qualenam
409 4459 611 4525 argumentum
632 4447 803 4506 Politiarnm
820 4449 906 4508 livent
959 4448 1015 4508 tele
1039 4449 1147 4510 omissa
1175 4468 1238 4508 esse
1261 4449 1393 4527 nihilque
1426 4448 1506 4508 aliud
1529 4448 1619 4526 igitur
1644 4449 1733 4510 luisse

134 4535 254 4596 minime
267 4534 429 4597 audiendos
444 4553 507 4595 esse
520 4550 592 4615 puto
613 4548 724 4594 veteres
739 4535 905 4615 philosophi
959 4536 1101 4609 Politias,
1144 4549 1176 4596 ut
1204 4549 1234 4595 et
1267 4550 1362 4596 cetera
1396 4537 1534 4596 historica
1565 4535 1732 4598 Aristotelis

132 4623 321 4704 interpretes,
345 4638 453 4705 praeter
472 4643 563 4684 unum
588 4635 689 4695 tamen,
713 4623 789 4701 apud
819 4643 904 4701 alitem
959 4625 1084 4704 scripta,
1113 4625 1170 4683 nisi
1197 4645 1276 4684 mera
1297 4624 1486 4692 collectanea,
1503 4635 1534 4683 et
1552 4623 1671 4701 quidem
1692 4625 1733 4684 ita

134 4711 253 4771 fortasse
276 4713 400 4773 sattioris
415 4712 527 4772 notitiae
547 4711 670 4788 vestigia
688 4710 905 4789 deprehendere
959 4726 1110 4789 congesta,
1137 4725 1170 4771 ut
1189 4732 1227 4772 ne
1250 4713 1421 4772 continuum
1442 4712 1561 4791 quidem
1575 4711 1732 4790 apusell‘e·

132 4797 242 4862 licebit.
268 4799 381 4860 Etenim
400 4820 489 4879 quum
515 4798 594 4879 apud
610 4799 797 4876 Anonymum
817 4817 907 4876 supra
959 4802 1073 4874 cerint,
1103 4802 1154 4862 sed
1180 4801 1379 4862 tautummodo
1398 4802 1545 4881 excerptis
1565 4812 1596 4860 et
1618 4800 1732 4860 notitiis

130 4885 190 4962 jani
207 4887 372 4961 laudatum,
395 4889 460 4966 qui,
479 4899 552 4947 teste
576 4885 677 4960 Rusio,
700 4884 906 4964 olympiodori
958 4889 1157 4969 cujuscunque
1187 4891 1319 4969 generis,
1345 4891 1427 4951 nullo
1457 4891 1584 4950 arctiore
1613 4887 1731 4946 vinculo

134 4975 163 5032 in
186 4973 345 5052 Porphyrii
360 4975 501 5053 isagogen
513 4973 751 5034 commentarium
764 4973 905 5050 recoquit,
958 4979 1035 5038 inter
1053 4999 1084 5040 sc
1098 4978 1312 5057 cohaerentibus
1325 4992 1500 5039 constarent.
1515 4979 1549 5036 ln
1561 4977 1646 5034 talem
1661 4993 1731 5032 rero
1771 4989 1775 4997 ·

133 5064 193 5121 hac
216 5063 350 5140 legantur
372 5063 463 5124 verba
485 5063 517 5122 in
532 5063 599 5124 cod.
618 5063 711 5123 Paris.
735 5061 902 5141 1939h51
958 5067 1126 5144 opinionem
1145 5067 1181 5125 de
1205 5069 1372 5126 Aristotelis
1386 5067 1502 5126 l‘olitiis
1524 5079 1554 5123 ut
1578 5065 1729 5142 pervenia-

132 5166 210 5210 recto
225 5173 232 5212 :
249 5151 424 5220 natata...
438 5141 475 5212 ὧν
492 5141 654 5234 ἀνιγριίφιτο
669 5149 714 5212 τὸν
728 5149 794 5231 βίον,
808 5163 914 5208 nonne*
960 5173 1040 5227 mus,
1058 5157 1144 5234 plura
1155 5167 1223 5214 sunt
1237 5175 1302 5232 qua
1315 5175 1368 5212 nos
1385 5164 1569 5234 permovent.
1582 5151 1636 5208 Pac
1652 5150 1730 5208 enim

129 5241 189 5316 jam
212 5239 365 5321 probabile
384 5241 416 5299 lit
436 5241 496 5300 haec
524 5261 531 5298 ι
550 5238 711 5322 ἁνιγράφιτο
732 5237 776 5298 τὸν
797 5237 853 5317 βίον
868 5256 905 5298 ιιι
959 5241 1160 5314 Aristotelem,
1177 5255 1209 5302 ut
1223 5241 1395 5321 plerumque
1408 5239 1550 5300 creditum
1563 5251 1625 5316 est,
1641 5236 1730 5297 histo·
