4017 5984
221 451 259 512 δό
766 456 1013 520 ARISTOTELIS
1034 459 1283 527 FRAGMENTA.

222 583 435 660 παραδείγματος
460 583 606 662 (Metaph.
633 585 661 658 l,
683 607 713 664 9,
743 585 796 665 a),
823 586 995 668 μεταρορικδν
1050 594 1155 672 ponpis
1165 585 1197 666 ἦν
1206 602 1252 655 τοῦ
1263 581 1421 671 statutor,
1431 598 1495 676 nbi,
1508 600 1607 660 nescio
1618 622 1655 660 an
1666 603 1745 682 jure,
1757 619 1824 666 anto

222 671 283 730 αὐτὸ
294 669 376 748 λέγων
390 670 435 729 καί
446 672 537 752 πολλῷ
549 675 649 749 μᾶλλον
664 675 726 754 πρός
739 675 769 734 τό
783 675 869 754 δόγμα
880 675 995 755 μα’χιται
1051 683 1076 739 ἐν
1090 682 1143 748 τοῖς
1156 685 1286 765 φυσικοῖς,
1301 685 1328 742 έν
1342 693 1395 753 τοῖς
1409 687 1478 763 μετὰ
1491 687 1525 746 sd
1544 688 1641 769 φυσικὰ
1661 692 1751 753 inseri
1772 714 1824 752 vo-

219 759 265 816 κιιὶ
280 757 369 826 ἅπλῶς
380 758 411 818 τδ
424 759 471 826 τίς
486 759 557 828 ἰδίας
571 761 674 840 εἰσοίγον
686 761 731 820 καί
743 763 916 844 διαφερόντως
929 764 993 844 πρὸς
1052 769 1108 829 luit
1126 771 1316 851 Bernaysius‚
1331 775 1352 834 i.
1370 775 1390 832 i.
1415 795 1446 853 p.
1468 778 1522 848 16,
1538 797 1644 855 quum,
1661 793 1692 838 ut
1715 781 1823 841 citandi

219 845 399 948 tindarides,
413 849 448 914 όις
461 850 488 907 ίν
504 853 536 928 τῇ
552 849 630 908 Μετὰ
645 850 677 908 τὰ
691 850 800 911 Φυσικὰ
813 851 996 932 [πραγματεία
1052 859 1156 920 modus
1182 860 1382 921 demonstrare
1407 855 1536 936 ridetur,
1564 885 1580 923 e
1604 867 1745 944 scriptore
1771 888 1824 929 sua

219 934 302 1012 scal.)
322 935 436 1015 γέγραφε
459 934 541 1014 (Vll,
560 940 606 1008 ¹6,
623 943 665 1010 7).
682 937 735 998 Καὶ
757 939 899 998 κινδυνεύει
912 939 994 1017 pulli
1053 947 1188 1008 habuerit
1201 949 1386 1023 Plutarchus,
1398 951 1450 1010 illa
1460 954 1525 1030 ipsa
1534 953 1611 1014 Μετίι
1622 953 1655 1014 τίι
1667 954 1765 1036 φυσικδ
1775 959 1824 1016 de-

218 1020 299 1088 οὕτως
319 1021 413 1101 strip
436 1025 531 1091 ἐκεῖνος
545 1024 759 1097 incontinenter
779 1031 831 1087 τῶν
848 1027 992 1094 Πλάτωνος
1053 1037 1253 1097 nominatione
1267 1039 1439 1117 antiquiore.
1455 1041 1529 1100 Curn
1540 1042 1593 1102 iiio
1607 1041 1650 1101 διδ
1662 1047 1714 1102 τῶν
1729 1044 1820 1114 ἐξωτε-

218 1111 253 1176 ὡε
273 1109 320 1182 τόν
343 1113 394 1167 τῶν
417 1111 491 1170 ἰδεῶν
515 1113 636 1172 inditus
660 1115 690 1172 οὗ
714 1113 790 1192 μόνον
834 1117 861 1174 ἓν
884 1117 996 1194 λογικοῖς
1053 1127 1132 1200 ρικῶν
1150 1126 1298 1205 διαλόγων,
1314 1128 1393 1206 quod
1407 1130 1603 1210 asnapicione
1626 1134 1824 1211 corruptionis

218 1198 395 1276 τερετίσματα
412 1199 444 1258 τδι
459 1199 515 1272 σίδη
530 1203 619 1260 καλῶν
641 1201 742 1279 (Attal.
770 1214 877 1280 postet:
893 1200 920 1274 l,
941 1221 990 1263 aa.

219 1286 236 1363 S
252 1285 296 1364 8),
311 1287 380 1346 ἀλλίι
391 1286 436 1346 καί
449 1288 474 1346 έν
484 1285 599 1353 Ἠθικοῖς
610 1287 685 1367 (Εῑίι.
701 1287 764 1346 Nic.
780 1287 805 1361 l,
820 1285 870 1365 Ις),
886 1286 950 1367 πρδς
961 1287 990 1346 τδ

219 1375 380 1451 αὐτοαγαθόν
395 1373 598 1455 διαμαχόμενος,
612 1376 658 1434 καλ
672 1376 699 1434 ίν
714 1377 843 1442 Φυσικοῖς
857 1378 904 1434 οὐκ
914 1374 992 1444 ἀξιῶν

218 1459 264 1527 τδις
277 1463 387 1537 γενέσεις
402 1464 437 1528 εἰς
451 1461 498 1529 τδις
517 1462 586 1528 ἰδέας
605 1463 759 1544 ἀναφέρειν,
775 1467 811 1530 ῶς
825 1466 851 1523 όν
865 1463 992 1546 τοῖςπερὶ

218 1549 348 1616 Γινέσεως
356 1548 428 1628 λέγει
439 1550 484 1608 καὶ
496 1551 602 1629 Φθορᾶς
615 1550 716 1630 (11,9),
726 1552 771 1610 καί
781 1543 807 1610 έν
821 1555 854 1630 τῇ
870 1552 946 1611 Μετδι
960 1551 993 1611 rit

224 1634 322 1714 φυσικὰ
345 1637 436 1716 πολλῷ
458 1635 553 1715 πλέον,
569 1637 613 1696 dre
639 1639 699 1718 περὶ
720 1641 772 1698 τῶν
789 1641 878 1718 ἀρχῶν
902 1664 993 1720 πραγ-

222 1722 410 1800 ματευόμενος,
421 1724 466 1782 καί
481 1727 640 1784 κατατείνων
653 1725 757 1806 μακρδις
770 1726 929 1806 κατηγορίας
940 1732 992 1787 τῶν

218 1813 311 1884 ἰδεῶν,
326 1813 352 1870 iv
365 1813 419 1880 τοῖς
433 1809 564 1891 πρώτοις,
579 1814 606 1870 έν
621 1814 673 1879 τοῖς
687 1811 786 1890 μέσοις,
803 1813 830 1870 ἐν
842 1823 894 1879 τοῖς
905 1815 992 1872 τελευ·

215 1899 300 1966 ταίοις
315 1903 361 1970 τῆς
375 1899 558 1978 πραγματείας
569 1901 678 1974 ἐκείνης,
692 1902 738 1961 καί
747 1905 774 1960 όν
784 1909 837 1969 τοῖς
851 1901 991 1980 Διαλόγοις

217 1987 370 2066 σαφέστατα
390 1986 523 2068 κεκραγὼς
535 1987 572 2064 μὴ
590 1988 715 2049 δύνασθαι
726 1992 765 2069 τῷ
780 1989 891 2068 δόγματι
906 1990 989 2072 τούτῳ

216 2075 371 2152 συμπαθεῖν,
401 2073 451 2134 καίν
478 2099 516 2144 τις
535 2077 614 2136 αιίτδν
639 2075 726 2149 οἴηται
753 2075 796 2136 bri
830 2076 989 2159 φιλονεικίαν

216 2163 369 2240 ἀντιλέγειν.
388 2193 400 2216 ν
420 2162 500 2224 Οίίτοι
516 2163 562 2223 καί
574 2167 588 2224 θ
602 2164 722 2244 Πρόκλος
735 2166 847 2246 λαμπρᾷ
860 2188 893 2243 τη
918 2170 991 2246 φωνῇ

214 2248 262 2320 τὴν
273 2251 416 2330 διαφωνίαν
429 2253 483 2308 τῶν
498 2251 646 2333 φιλοσόφων
660 2250 840 2328 ὡμολόγηκεν.

256 2336 330 2396 ilinc
371 2355 405 2394 ea
438 2335 559 2396 sortasse
597 2339 783 2398 illustrantur
813 2359 878 2418 quae
911 2343 988 2421 apud

214 2425 337 2483 eundem
351 2423 494 2483 loannem
508 2425 721 2504 philoponum,
739 2428 787 2486 cui
801 2428 857 2488 hoc
873 2431 989 2506 insigne

216 2513 313 2572 Procli
325 2512 524 2572 testimonium
535 2512 668 2587 debetur,
677 2515 809 2591 legimus,
824 2516 855 2574 in
868 2516 987 2575 Aristot.

217 2602 334 2680 Aualyt.
360 2616 438 2680 post.
473 2602 493 2662 i.
520 2604 569 2676 53,
601 2622 703 2679 verso,
727 2624 758 2682 p.
793 2607 863 2681 aab,
887 2603 922 2677 B,
955 2608 989 2662 16

216 2688 378 2762 Br·and.,ad
387 2689 481 2747 locum
497 2689 534 2748 ah
543 2690 610 2768 ipso
619 2689 894 2763 Proclolaudaturn,
907 2689 989 2761 l‚aa,

215 2779 246 2850 8,
255 2776 306 2835 ubi
316 2776 396 2836 ideas
405 2775 599 2856 philosophus
611 2778 788 2856 τερετίσματα
797 2791 898 2836 vocat:
908 2776 991 2838 Ἱστο-

216 2871 300 2942 ρεῑται
314 2862 342 2923 δέ
356 2862 396 2922 ότι
409 2863 456 2923 καί
474 2867 567 2934 ζῶντος
580 2869 626 2924 τοῦ
644 2863 788 2933 Πλάτωνος
803 2862 990 2946 καρτερώτατα

215 2951 275 3032 περὶ
288 2950 379 3012 roiano
393 2955 438 3012 τοῦ
458 2951 586 3030 δόγματος
601 2952 669 3030 (τῶν
679 2953 753 3012 ἰδεῶν
768 2952 850 3032 scil.)
866 2952 958 3025 διέστη
977 2956 991 3012 ό

214 3039 241 3100 ’λ
252 3037 384 3120 ριατοτί
390 3042 447 3112 λης
461 3044 498 3120 τῷ
510 3039 644 3100 Πλάτωνι.
661 3038 706 3097 Ex
718 3040 818 3099 eodem
831 3059 903 3098 vero
914 3041 992 3100 lonte

214 3146 274 3202 quo
294 3125 432 3198 Procius,
455 3123 629 3183 Plutarchus
650 3145 768 3202 quoque
789 3125 920 3184 hausisse
940 3125 992 3183 vi-

187 3283 189 3288 ·
213 3213 310 3286 detur,
323 3213 463 3271 adversus
474 3210 608 3285 Coloten,
622 3232 647 3270 c.
665 3220 698 3278 ri
715 3211 789 3278 :Tria
801 3235 831 3288 γε
844 3211 897 3288 μὴν
906 3211 991 3284 taine,

152 3315 157 3334 ¹
213 3299 276 3378 περὶ
297 3292 332 3358 ῶν
355 3301 460 3377 ἐγκαλεῖ
483 3301 521 3378 τῷ
540 3297 679 3371 Πλάτωνι,
708 3303 845 3378 πανταχοῦ
876 3302 953 3358 κινῶν
977 3303 990 3357 ό

215 3387 470 3468 Ἀριστοτέλης,
485 3386 531 3444 καλ
544 3394 633 3444 πᾶσαν
649 3385 755 3464 ίποίγων
770 3386 882 3467 ιἰπορίαν
900 3389 989 3453 αὐταῖς

214 3479 241 3534 έν
262 3476 316 3542 τοῖς
328 3478 427 3546 ἠθικοῖς
449 3473 650 3552 ὑπομνήμασιν,
675 3477 702 3534 tn
717 3483 769 3544 τοῖς
790 3483 923 3557 φυσικοῖς,
944 3475 987 3533 iri

212 3567 265 3623 τῶν
278 3563 436 3646 ίξωτερικῶν
452 3563 591 3642 διαλόγων,
600 3562 804 3644 φιλονεικότερον
816 3563 890 3630 ένίσις
906 3562 988 3628 ἔδοξεν

213 3653 230 3720 ἢ
254 3650 461 3731 φιλοσοφώτερον
481 3653 511 3710 ἐκ
526 3651 582 3731 [**]
595 3654 647 3709 τῶν
663 3651 800 3729 δογμάτων
822 3651 932 3718 τούτων,
954 3650 988 3714 ὡς

213 3739 368 3816 προθέμενος
379 3741 426 3810 τὴν
442 3739 583 3807 Πλάτωνος
596 3738 726 3818 ὑπεριδεῖν
739 3737 905 3821 φιλοσοφίαν·
921 3735 990 3795 οὕτω

225 3941 463 3950 ι-----..

214 4061 279 4112 tibris
293 4062 324 4112 de
336 4033 494 4112 Generatlone
507 4066 531 4112 et
547 4064 722 4127 corniptione,
734 4067 759 4112 et
775 4064 850 4112 rouito
870 4062 946 4126 magis
964 4061 989 4109 iu

213 4149 383 4212 metaphysicis
391 4163 466 4212 quarn
481 4150 512 4199 ibi
524 4149 556 4200 do
567 4149 687 4214 principiis
699 4153 766 4213 agat,
781 4150 861 4209 initio,
872 4149 951 4200 medio
963 4151 988 4197 et

213 4237 260 4286 tine
272 4237 357 4287 horum
369 4236 501 4300 librorum,
513 4240 538 4288 et
552 4238 577 4287 in
594 4237 699 4300 Dialogis
719 4237 759 4288 ubi
776 4251 824 4287 non
838 4237 917 4287 dubiis
931 4249 986 4286 rer·

153 4307 156 4314 ’
213 4321 250 4371 bis
266 4320 438 4384 pronuntiarit,
455 4335 482 4372 se
493 4335 542 4372 non
560 4335 631 4384 posse
646 4334 701 4371 curn
714 4321 754 4371 iiia
766 4322 877 4385 opinione
889 4333 987 4371 musen-

212 4407 266 4467 tire,
278 4408 372 4458 etamsi
381 4408 435 4471 quis
444 4407 559 4458 credatse
567 4411 664 4472 proptor
672 4409 830 4458 conuntionis
840 4408 946 4458 studium
955 4407 988 4456 iiii

211 4496 316 4560 obloqui.
331 4515 343 4540 n
354 4497 391 4546 ita
403 4497 427 4546 ot
436 4497 535 4546 Procius
546 4495 612 4545 clara
624 4509 684 4546 voce
696 4495 868 4546 dissensionem
885 4494 987 4558 pbiloso

212 4583 316 4648 phorum
328 4582 423 4634 latetur.

242 4676 357 4724 Narratur
370 4673 442 4724 etiarn
458 4674 555 4724 virente
575 4675 674 4725 Platona
687 4675 803 4726 acerrime
814 4675 912 4738 propter
922 4671 987 4723 idea·

213 4775 267 4812 runi
286 4761 418 4812 doctrinam
428 4760 459 4812 ab
468 4759 596 4813 Aristotele
610 4763 774 4825 impugnatum
788 4776 842 4814 ease
853 4763 986 4814 Platonem.

244 4849 313 4900 ideas
334 4852 414 4899 autern
441 4849 573 4900 Platonicae
593 4849 732 4900 Aristoteles
755 4850 843 4914 ubique
866 4851 988 4900 incessens

212 4938 293 4997 dictis,
306 4938 330 4987 in
342 4937 479 5000 moralibus,
490 4937 514 4986 in
527 4937 679 4988 Naturaiibus
689 4939 880 4998 commentariis,
894 4937 916 4986 in
931 4938 987 4986 iiia·

214 5021 272 5083 togis
284 5020 423 5083 exotericis,
435 5020 501 5070 risus
512 5023 550 5071 est
560 5019 703 5084 quibusdam
722 5020 812 5082 majore
827 5019 987 5070 contentionis

212 5120 284 5170 quarn
296 5107 418 5171 sapientire
434 5107 512 5194 studio
523 5108 545 5157 iri
558 5108 653 5170 iecisse,
667 5110 693 5158 ut
708 5109 748 5172 qui
761 5108 807 5158 sibi
825 5108 989 5171 proposuisset

213 5194 386 5258 pbitosophiarn
400 5196 504 5248 Platonis
514 5199 666 5248 contemnere
684 5199 796 5247 :tanturn
809 5196 876 5247 abest
892 5198 919 5246 ut
931 5209 986 5247 urm

213 5281 283 5332 tuerit
295 5285 401 5334 secutus.

1051 1233 1104 1290 per
1128 1215 1318 1290 glossatorem
1350 1216 1476 1275 inductae
1510 1237 1570 1276 non
1602 1218 1729 1278 alienum
1763 1233 1824 1293 est,

1050 1303 1178 1361 conferri
1200 1304 1252 1361 vix
1279 1317 1402 1382 possunt
1425 1326 1491 1383 quae
1519 1307 1597 1384 apud
1620 1307 1763 1368 Davidem
1790 1311 1822 1368 in

1050 1391 1171 1452 Aristot.
1189 1391 1323 1469 Categor.
1337 1414 1366 1472 p.
1381 1395 1435 1465 αθ,
1451 1393 1490 1466 Β,
1509 1394 1546 1451 35
1570 1395 1678 1461 Brand.
1701 1417 1708 1454 ι
1726 1397 1753 1455 όν
1772 1395 1820 1474 μὲν

1049 1480 1102 1548 τοῖς
1116 1481 1271 1561 διαλαγικοῐς
1282 1490 1335 1549 τοῖς
1349 1482 1523 1563 ἐξωτερικοῖς,
1541 1485 1693 1560 leguntur,
1709 1486 1822 1565 quippe

1048 1588 1114 1646 quae
1127 1589 1181 1649 per
1195 1572 1428 1649 appositionem,
1441 1583 1475 1630 ut
1488 1584 1615 1649 vocant,
1627 1572 1704 1632 dicta
1724 1588 1802 1634 sunt.

1367 1709 1516 1785 15.(35.)

1087 1849 1229 1928 Syriacus
1241 1851 1272 1908 in
1291 1848 1584 1928 Aristothletaphys.
1603 1849 1675 1926 iiii,
1698 1871 1731 1927 9,
1746 1853 1825 1930 apud

1049 1939 1188 1998 Brundis.
1203 1939 1315 1999 scholia
1336 1938 1367 1996 in
1382 1938 1472 1998 brist.
1484 1937 1608 2016 itenph.
1620 1938 1717 1997 berol.
1739 1939 1824 2012 1837,

1048 2050 1080 2107 p.
1099 2029 1171 2098 tan,
1196 2036 1212 2097 i
1236 2025 1337 2086 ιἜπεί
1349 2028 1390 2086 δτι
1412 2025 1458 2084 καί
1474 2024 1576 2092 αὐτὸς
1599 2025 1633 2104 (ό
1647 2022 1825 2104 Ἀριστοτέλης

1046 2118 1130 2195 scil.)
1141 2116 1264 2193 ὁμολογεῖ
1275 2114 1355 2191 μηδὲν
1364 2115 1496 2192 είρηκίναι
1504 2113 1569 2193 πρὸς
1580 2112 1629 2179 πίας
1640 2114 1745 2172 ἐκείνων
1755 2113 1824 2194 (τῶν

1047 2208 1224 2265 Πλατωνικῶν
1234 2204 1286 2283 πρὸ
1296 2208 1342 2263 τοῶ
1350 2203 1529 2282 Ξενοκράτους
1538 2203 1604 2262 scil.
1615 2203 1654 2262 cf.
1667 2203 1781 2261 Bonita.
1791 2204 1823 2261 iu

1047 2313 1150 2353 comni.
1172 2293 1208 2350 ad
1231 2289 1358 2369 Metapli.
1372 2311 1403 2369 p.
1431 2291 1508 2367 544)
1523 2289 1656 2357 ὑποθέσεις
1675 2289 1739 2364 μηδ’
1756 2290 1823 2357 ὅλως

1046 2383 1251 2463 παρακολουθεῖν
1274 2388 1328 2444 τοῖς
1342 2379 1478 2450 sternunt<
1501 2380 1634 2455 ἀριθμοῖς,
1650 2376 1724 2457 είπερ
1738 2377 1822 2458 ἕτεροι

1046 2473 1098 2530 τῶν
1108 2471 1299 2550 μαθηματικῶν
1309 2457 1371 2541 εἶεν,
1379 2466 1508 2545 μαρτυρεῖ
1519 2464 1588 2524 thiu
1604 2469 1641 2544 τῷ
1657 2465 1682 2543 β’
1694 2467 1746 2522 τῶν
1759 2464 1820 2544 περὶ

1046 2561 1092 2629 τῆς
1104 2555 1267 2636 <trutmoniae
1279 2556 1376 2634 ἔχοντα
1389 2559 1479 2613 τοῦτον
1493 2555 1537 2614 τὸν
1551 2554 1657 2634 τρόπον·
1670 2581 1683 2604 ν
1696 2549 1783 2612 Ὥστε
1798 2553 1822 2610 εί

1046 2645 1123 2712 ἄλλος
1132 2643 1240 2725 ἀριθμός
1251 2645 1279 2702 αἱ
1288 2643 1369 2716 ἰδέαι,
1385 2643 1424 2720 μὴ
1438 2642 1622 2720 μαθηματικός
1637 2639 1677 2716 δέ,
1692 2640 1818 2716 οὐδεμίαν

1045 2734 1106 2814 περί
1119 2735 1198 2793 αὐτοῦ
1211 2733 1314 2792 σύνεσιν
1325 2731 1432 2811 ἔχοιμεν
1448 2731 1489 2789 ἄν.
1504 2729 1551 2798 Τίς
1562 2727 1612 2808 γδιρ
1630 2733 1681 2788 τῶν
1702 2750 1731 2805 γε
1751 2729 1819 2786 πλεί·

1047 2847 1115 2885 στων
1128 2823 1205 2899 ἡμῶν
1219 2819 1335 2893 συνίησιν
1351 2819 1430 2879 ἄλλον
1445 2815 1567 2899 ἄριθμόνς
1584 2845 1597 2870 ν
1612 2817 1699 2878 Ὥστε
1716 2815 1762 2875 καί
1776 2819 1821 2874 νῦν

1046 2916 1083 2980 ὡς
1103 2912 1167 2991 πρὸς
1189 2908 1248 2978 τοὺς
1264 2908 1377 2977 πολλοὺς
1390 2907 1449 2973 τοὺς
1470 2909 1516 2966 oia
1526 2907 1625 2973 εἰδότας
1639 2904 1718 2965 ἄλλον
1737 2903 1754 2974 ἢ
1778 2903 1821 2963 τόν

1048 3000 1187 3077 μοναδικόν
1209 2997 1318 3080 ἀριθμόν
1337 2997 1479 3068 πεποίηται
1498 2993 1558 3063 τοὺς
1572 2995 1707 3072 ἐλέγχους,
1719 2995 1766 3060 τῆς
1790 2990 1817 3050 δὲ

1047 3093 1099 3147 τῶν
1115 3089 1189 3150 θείων
1206 3088 1306 3164 ἀνδρῶν
1323 3085 1436 3150 διανοίας
1456 3082 1514 3142 οὐδὲ
1531 3081 1580 3152 τήν
1594 3079 1678 3159 ἀρχὴν
1691 3079 1818 3158 ῖρήψατο.

1047 3179 1090 3236 Ex
1108 3175 1276 3236 Alexandro
1295 3175 1356 3232 ban
1369 3173 1458 3230 ducta
1479 3171 1627 3229 ridentur.
1639 3166 1744 3226 Verbis
1763 3165 1820 3243 Sy·

1047 3267 1124 3326 riani
1138 3285 1208 3324 usus
1225 3276 1288 3320 erat
1310 3260 1450 3331 litandis,
1469 3263 1511 3315 De
1528 3261 1646 3334 perditis
1664 3259 1821 3313 Aristotelis

1047 3360 1122 3414 libris
1137 3358 1174 3412 de
1188 3357 1265 3410 ideis
1273 3353 1346 3407 etde
1355 3353 1435 3407 Bono
1444 3355 1499 3404 sire
1509 3347 1701 3422 Philosophia,
1712 3343 1820 3402 Bonnre

1055 3446 1143 3517 1823,
1164 3464 1194 3521 p.
1210 3451 1260 3513 47.

1366 3584 1410 3640 16.
1427 3577 1500 3659 (36.)

1086 3729 1186 3790 Schol.
1202 3728 1233 3803 in
1248 3721 1412 3784 Proverbia
1431 3719 1617 3788 Salomonis,
1640 3714 1706 3774 cod.
1723 3713 1817 3774 Paris.

751 3901 1821 3950 Τ

1409 4044 1446 4090 15.

1074 4176 1135 4233 Quia
1153 4171 1219 4238 quod
1237 4171 1310 4220 etiarn
1331 4167 1383 4230 ipse
1394 4161 1535 4215 Aristoteles
1549 4160 1638 4211 δοιοῖσι
1655 4156 1714 4208 nihii
1728 4155 1818 4206 dixisse

1041 4265 1126 4314 eontra
1146 4259 1321 4312 Pistonioornnr
1337 4256 1415 4320 (anta
1428 4248 1618 4307 Xenocratem)
1629 4243 1817 4310 suppurationes.

1041 4365 1086 4402 nee
1096 4349 1195 4400 omniuo
1211 4346 1305 4410 insequi
1313 4343 1402 4394 idoaies
1416 4351 1544 4399 numeros,
1556 4337 1577 4387 si
1592 4337 1640 4385 sint
1655 4331 1817 4384 unauenn·

1041 4438 1096 4488 iicia
1110 4436 1213 4496 diversi,
1225 4435 1343 4485 testantur
1359 4442 1415 4494 que
1427 4428 1452 4476 in
1469 4423 1575 4476 secundo
1589 4423 1650 4474 iibro
1666 4421 1699 4472 rie
1709 4420 1816 4472 Philoso·

1040 4527 1097 4590 piria
1109 4525 1156 4576 boo
1166 4523 1238 4574 moin
1248 4535 1276 4573 ae
1288 4522 1376 4572 θεαταί
1388 4537 1395 4568 ι
1407 4538 1419 4562 α
1432 4519 1513 4575 Quare
1527 4513 1620 4564 siaiiru
1632 4523 1747 4562 αοαιοτιιε
1760 4511 1817 4559 sunt

1040 4616 1115 4672 ideas,
1130 4612 1172 4664 aed
1188 4626 1235 4660 non
1251 4606 1447 4666 mathematicus,
1467 4602 1557 4653 nuliam
1572 4599 1604 4650 rie
1616 4599 1671 4663 ipso
1683 4596 1814 4660 intelligen-

1039 4702 1098 4751 tiarn
1108 4697 1326 4760 haberemus,quis
1335 4693 1398 4744 enirn
1410 4705 1425 4742 e
1435 4690 1542 4740 maximo
1554 4689 1638 4737 saitem
1649 4697 1749 4736 numero
1760 4697 1814 4734 nos·

1041 4793 1105 4842 trum
1123 4789 1196 4839 utun
1212 4797 1339 4836 numerum
1352 4779 1509 4843 intelligar»
1525 4780 1605 4835 Quare
1614 4776 1639 4825 et
1649 4787 1717 4825 nunc
1730 4776 1815 4824 contra

1040 4877 1129 4928 multoe
1141 4875 1215 4926 aliurn
1231 4885 1357 4924 numerum
1377 4882 1426 4920 non
1437 4868 1622 4931 cognoscentes,
1633 4876 1706 4924 quarn
1717 4875 1748 4912 ex
1760 4860 1815 4910 uni-

1040 4964 1128 5014 tatibus
1136 4963 1291 5014 constitutum
1307 4958 1362 5008 iacit
1372 4955 1565 5019 redargutiones3
1583 4951 1719 5002 ‹ttrinonrn
1736 4954 1816 4999 autern

1040 5054 1146 5102 virorum
1159 5063 1245 5102 sensus
1256 5061 1300 5099 noc
1311 5045 1410 5098 omnino
1421 5044 1508 5108 attigit.

1408 5167 1447 5210 ro,

1071 5280 1212 5332 aristotelis.
1232 5279 1288 5329 stre
1305 5289 1380 5329 onum
1400 5279 1438 5326 est
1458 5272 1601 5340 ρτίιιοίρίοιο
1617 5271 1671 5324 sire
1688 5269 1773 5322 ιιιοίίε.
1789 5266 1816 5319 Si
