4017 5984
869 502 1022 565 SCRIPTA
1046 505 1195 567 LOGlGA.
1771 514 1827 573 ll¹l

231 634 416 696 Aristotelem
432 654 575 713 nusquam
589 636 731 713 legantur,
747 648 780 694 ut
803 636 942 715 pleraque
959 635 1001 695 si·
1056 637 1127 697 stica
1141 638 1234 714 (libet.
1250 640 1289 710 ll,
1306 648 1355 710 αθ,
1370 642 1420 716 ιο)
1436 641 1578 721 appellata
1588 660 1651 701 esse
1664 641 1778 720 volunt,
1790 644 1828 703 ab

232 724 314 785 milia
327 723 405 803 apud
417 722 536 783 Suidam
550 736 695 803 excerpta,
707 724 821 801 antiqui
836 725 935 803 potius
949 744 999 783 cu·
1057 724 1104 784 his
1125 726 1297 786 lllethodicis
1316 728 1377 805 jam
1397 728 1455 788 alia
1476 728 1608 807 quaedam
1637 728 1827 789 discernenda

228 812 345 892 jusdam
370 812 605 871 commentatoris
626 814 717 870 rerba
743 826 827 884 sunt,
854 814 1004 872 manifeste
1058 827 1223 891 eruntque
1233 815 1343 875 scilicet
1357 817 1444 875 simul
1455 837 1520 876 cum
1529 815 1651 895 Topicis
1665 818 1741 895 apud
1758 818 1827 877 llio·

231 900 372 961 disersos-
389 898 457 958 lacit
477 898 707 958 Methodicomm
731 899 825 959 libros
859 901 1004 976 Diogenes
1058 918 1158 977 genem
1174 901 1320 963 Laenium
1343 905 1491 963 nominata
1507 923 1572 965 esse
1594 903 1743 977 vidimus,
1766 906 1828 965 sire

231 986 380 1059 Laertius,
400 985 435 1058 V,
451 1006 490 1063 ²9
506 1007 513 1044 :
531 985 602 1064 Πρὸς
620 984 670 1061 μίν
681 976 726 1045 οὖν
746 986 794 1058 τὴν
809 986 910 1067 εὕρεσιν
924 986 959 1046 τί
975 1012 1003 1046 τε
1058 1007 1123 1065 quas
1135 989 1306 1069 Simplicius
1323 993 1418 1053 novit.
1434 991 1546 1051 Etenim
1566 993 1592 1051 si
1610 992 1681 1051 lides
1694 990 1828 1051 habenda

231 1075 338 1137 Τοπικδ
351 1073 395 1133 καί
415 1072 551 1133 Μεθοδικὰ
564 1072 702 1153 παρέδωκε
722 1073 875 1154 προτάσεων
892 1076 1002 1149 πλῆθος,
1057 1088 1100 1134 est
1124 1076 1293 1157 Simplicio,
1311 1080 1375 1139 sive
1398 1081 1496 1159 potius
1525 1080 1684 1159 antiquiori
1713 1080 1826 1138 cuidam

231 1160 259 1229 ἐξ
274 1152 311 1220 ῶν
327 1161 391 1239 πρὸς
409 1160 444 1219 πίε
459 1158 637 1239 προδλιίματα
650 1164 767 1220 πιθανῶν
790 1163 1003 1243 ίπιχειρημείπονν
1058 1162 1210 1243 interpreti
1230 1186 1314 1244 quem
1336 1168 1571 1244 neurusestlef.
1588 1188 1677 1246 supra
1691 1168 1727 1227 δι’.
1745 1170 1826 1244 139),

231 1239 284 1307 οἷόν
305 1271 335 1307 τε
359 1249 486 1326 εὐπορεῖν·
497 1246 562 1327 πρὸς
583 1247 610 1306 δί
630 1246 678 1319 τὴν
694 1249 779 1327 κρίσιν
797 1248 831 1308 ed
848 1248 1002 1309 Ἀναλυτικὰ
1057 1250 1220 1313 lllethodica
1238 1255 1396 1332 dequibus
1418 1256 1513 1331 agitur
1528 1256 1604 1315 inter
1619 1256 1826 1334 hypomnema-

231 1334 346 1415 πρότερα
359 1335 403 1393 καί
418 1334 514 1417 ὕστερα
530 1336 647 1413 (eadem
665 1335 792 1415 llesych.
804 1338 929 1396 Illustris
942 1339 1003 1417 p.6
1058 1339 1114 1398 tica
1136 1342 1245 1420 scripta
1262 1342 1436 1401 recensenda
1452 1355 1545 1401 erant.
1563 1342 1634 1413 Quas
1648 1360 1719 1400 vero
1736 1361 1825 1419 quum

229 1421 350 1503 Orelli).
373 1423 445 1483 Cum
469 1423 517 1484 his
536 1426 700 1483 consentire
719 1424 836 1484 ridetur
854 1426 918 1503 ipse
940 1428 1005 1485 Ari·
1056 1440 1162 1499 essent,
1178 1442 1210 1487 ut
1225 1429 1353 1507 ejusdem
1367 1429 1512 1507 Simplicii
1526 1428 1624 1487 verbis
1639 1442 1716 1501 utar,
1728 1430 1759 1487 in
1771 1434 1825 1489 Ca·

231 1511 358 1584 stoteles,
371 1512 402 1570 in
415 1512 499 1590 cujus
512 1510 630 1571 Rhetor.
642 1514 665 1581 l,
680 1533 710 1582 ε,
724 1532 756 1591 9,
769 1512 831 1571 haec
843 1514 1001 1590 leguntur:
1057 1527 1114 1591 teg.
1130 1536 1161 1594 p.
1178 1526 1227 1589 nl„
1243 1520 1279 1593 A,
1294 1518 1349 1585 45:
1365 1516 1413 1574 ὅσα
1428 1516 1491 1595 πρὸς
1504 1516 1651 1592 ὑπόμνησιν
1668 1516 1767 1575 οἰκείαν
1781 1521 1826 1575 καὶ

228 1596 278 1664 Τίς
292 1599 315 1655 δ’
326 1598 384 1658 ίστί
399 1598 510 1679 δεαρσρίε
523 1598 736 1678 παραδείγματος
746 1600 792 1659 καὶ
806 1599 1001 1677 ἐνθυμήματος,
1056 1603 1164 1662 πλείονα
1181 1607 1295 1683 βάσανον
1316 1602 1453 1673 συνέταξεν
1467 1604 1645 1685 δσριλόσσρος,
1665 1604 1696 1663 in
1710 1606 1827 1684 scriptis

229 1684 338 1765 φανερὸν
352 1689 382 1746 ia
395 1691 448 1746 τῶν
467 1690 604 1745 Τοπικῶν·
617 1688 672 1744 ἐκεῖ
686 1686 738 1766 γίερ
751 1688 812 1767 περὶ
826 1689 1003 1766 συλλογισμοῦ
1056 1689 1093 1748 ab
1109 1692 1174 1770 ipso
1190 1694 1344 1752 Aristotele
1355 1693 1441 1751 editis
1453 1712 1546 1770 neque
1562 1693 1710 1751 nominari
1726 1707 1827 1772 polue-

228 1774 273 1832 καί
283 1776 422 1854 ίπαγοιγῆς
433 1774 536 1853 είρηεαι
545 1774 681 1854 πρότερον,
692 1773 733 1832 δτι
744 1775 775 1833 τὸ
788 1776 836 1852 μὲν
848 1775 879 1837 εδ
887 1776 930 1837 inl
942 1777 1002 1835 πολ·
1057 1791 1125 1837 runt
1138 1798 1231 1857 neque
1246 1800 1370 1857 unquam
1389 1781 1538 1839 nominata
1548 1793 1625 1839 sunt.

228 1863 280 1922 λῶν
292 1863 336 1922 καί
350 1861 447 1939 θμοίοιν
461 1862 608 1921 δείκνυσθαι
627 1860 667 1920 δτι
682 1861 762 1929 οὕτως
785 1863 858 1943 ίχει,
881 1864 936 1924 ἐκεῖ
954 1862 1001 1939 μὲν
1098 1867 1193 1926 Restat
1211 1880 1243 1925 ut
1263 1868 1299 1925 de
1314 1867 1543 1927 llletlrodicorum
1564 1869 1711 1927 mentione
1731 1869 1762 1927 in
1778 1871 1826 1927 in-

228 1950 355 2029 ίπαγυγή
371 1951 441 2008 ἐστιν
461 1952 571 2009 ἐνταῦθα
588 1948 820 2029 δίπαρείδεεγμσ,
834 1949 865 2009 τὸ
879 1949 907 2009 δί
923 1951 1000 2008 τινῶν
1057 1951 1172 2013 dicibus
1189 1956 1261 2013 sacta
1279 1956 1437 2015 videamus.
1452 1955 1487 2014 ln
1500 1956 1640 2031 Diogenis
1655 1956 1763 2014 Laertii
1783 1972 1826 2015 ta-

228 2035 309 2096 δντων
323 2036 410 2117 ίτερόν
423 2060 449 2094 τι
461 2035 504 2095 διδ
516 2040 602 2095 ταῦτα
615 2036 768 2113 συμδαίνεεν
782 2035 857 2115 παρὰ
870 2042 1002 2118 ταῦτατῷ
1056 2037 1125 2099 bula
1134 2041 1260 2118 primum
1273 2041 1407 2101 Μεθοδικὰ
1420 2042 1444 2101 α’
1456 2040 1481 2122 β’
1495 2042 1519 2121 γ’
1531 2042 1553 2101 δ’
1566 2042 1586 2101 ε’
1601 2043 1627 2109 ς’
1642 2042 1663 2112 ζ’
1674 2045 1827 2102 nominan-

228 2130 312 2185 ταῦτα
327 2116 409 2201 εἶναι,
427 2123 571 2196 ἢκαθολω
592 2124 657 2195 ἢὼς
671 2124 715 2183 ἐπί
727 2126 759 2184 τὸ
779 2124 864 2198 πολύ,
883 2125 938 2185 ίκεῖ
952 2126 1000 2202 μίν
1056 2139 1104 2185 tur
1126 2128 1198 2205 (inl,
1226 2130 1303 2187 inter
1333 2130 1442 2208 scripta
1473 2130 1576 2206 logica,
1601 2129 1723 2202 deinde,
1747 2130 1825 2189 inter

228 2213 399 2290 συλλογισμὸς
407 2210 561 2272 ίνταῶθειδί
581 2211 721 2289 ἐνθύμημα
733 2213 867 2275 καλεῖται.
878 2213 1002 2295 Φανερδν
1056 2214 1201 2274 rhetorica
1217 2218 1275 2293 (81)
1301 2216 1447 2277 Μεθοδικὸν
1471 2218 1508 2279 α’.
1530 2218 1642 2275 Horum
1671 2216 1823 2276 titulorum

228 2299 706 2381 δ’ὅεικαίίκείτερονίχεεθγαθδνεὸ
720 2289 785 2368 εἶδος
797 2304 1001 2382 εῆςρητορικῆς·
1055 2302 1184 2380 priorem
1222 2305 1419 2363 tantummodo
1461 2304 1618 2382 exscripsit
1652 2305 1823 2379 Anonymus

228 2390 346 2470 καθάπερ
360 2390 411 2469 γὰρ
432 2389 477 2448 καὶ
497 2392 523 2449 is
536 2397 590 2456 τοῖς
611 2390 762 2457 Μεθοδικοῖς
776 2388 896 2470 είρηται,
912 2391 959 2450 καί
974 2393 1001 2449 ἐν
1056 2388 1125 2469 (θα),
1141 2393 1249 2451 omisso
1260 2412 1330 2451 vero
1342 2392 1485 2452 librorum
1501 2412 1630 2451 numero.
1645 2390 1823 2470 Topicorum

227 2476 325 2546 τούτοις
334 2477 430 2555 δμοίως
440 2476 509 2558 ίχεε·
521 2475 572 2535 alal
584 2476 669 2556 γδρεί
678 2476 725 2553 μὲν
739 2478 1017 2559 πσραδειγματῶδεεῇ
1054 2478 1135 2537 nulla
1148 2480 1256 2538 mentio
1268 2480 1299 2537 in
1314 2479 1462 2539 indicibus
1476 2479 1638 2557 reperitur,
1658 2499 1824 2557 quanquam

229 2568 372 2647 ῥητορείαι,
383 2565 446 2626 atel
458 2566 677 2643 ίνθνμηματεκαί.
690 2566 751 2624 lioc
763 2567 829 2624 loco
840 2566 1001 2625 Rhetorica·
1052 2562 1134 2645 Ὅροι
1152 2565 1204 2644 πρὸ
1229 2568 1281 2624 τῶν
1299 2569 1412 2625 τοπικῶν
1442 2566 1467 2623 α’
1484 2563 1509 2643 β’
1523 2567 1546 2645 γ’
1566 2567 1587 2624 δ’
1610 2566 1630 2625 ε’
1646 2566 1669 2636 ς’
1685 2566 1707 2635 ζ’
1721 2566 1825 2646 (Diog.

227 2674 298 2715 usus
308 2667 352 2714 est
364 2656 525 2733 Dionysius
547 2654 810 2714 llalicamassensis
829 2656 860 2713 in
871 2654 1001 2732 Epistola
1054 2652 1088 2715 L.
1107 2654 1169 2732 55),
1181 2652 1224 2714 Τδι
1239 2652 1290 2732 πρδ
1304 2654 1452 2713 τῶντίπων
1469 2654 1522 2731 (ib.
1537 2654 1604 2733 59),
1619 2657 1748 2715 Τοπικῶν
1761 2656 1825 2735 πρὸς

228 2743 264 2802 ad
278 2747 433 2803 Ammaeum
442 2786 452 2815 ,
467 2763 492 2803 c.
509 2764 539 2817 7,
556 2756 588 2801 ut
608 2742 818 2801 demonstraret
836 2742 897 2818 jam
916 2743 1001 2802 virili
1054 2740 1112 2807 τσίις
1125 2739 1265 2821 δρουςίὶθ.
1281 2742 1329 2817 60)
1345 2756 1559 2802 recenseantur.
1577 2741 1621 2800 Ad
1635 2743 1696 2801 haec
1712 2744 1825 2820 igitura

227 2842 309 2889 aetate
316 2830 403 2889 inisse
410 2830 591 2888 Aristotelem
598 2849 687 2906 quum
698 2828 879 2886 llhetoricam
889 2827 999 2888 scribe·
1054 2829 1201 2908 plerisque
1217 2829 1323 2887 relatus
1332 2841 1376 2887 est
1389 2826 1621 2887 lllethodicorum
1634 2830 1746 2893 titulus.
1766 2830 1822 2890 Ne-

228 2930 283 2991 ret,
292 2918 401 2997 quippe
414 2918 466 2997 qui
475 2916 536 2995 jam
549 2917 675 2978 antehos
684 2914 777 2975 libros
786 2917 925 2975 edidisset
939 2915 1000 2983 ιτδις
1054 2936 1111 2993 quc
1129 2935 1213 2989 sane,
1242 2915 1347 2988 fateor,
1372 2935 1388 2974 a
1412 2916 1461 2975 tali
1490 2916 1657 2993 conjectura
1686 2917 1825 2979 abhorret

228 3007 369 3086 κρατίστας
378 3004 519 3074 συντάξεις.
529 3004 637 3064 Vellem
646 3018 741 3063 autem
751 3005 912 3063 accuratius
923 3004 1001 3063 indi·
1054 3002 1344 3083 ipsumTopicorum
1366 3004 1482 3063 initium
1512 3002 1568 3063 r‘ll
1585 3002 1631 3079 μίν
1645 3006 1766 3083 πρόθεσις
1779 3009 1826 3077 τῆς

227 3094 492 3172 cassetqualesnam
508 3093 601 3152 libros
615 3094 655 3151 ita
663 3090 860 3169 appellaverit.
874 3089 915 3147 lix
930 3089 995 3167 ejus
1054 3093 1236 3170 πραγματείας
1249 3090 1357 3167 μίθοδον
1372 3090 1466 3168 εθρεῖν.
1476 3092 1512 3149 At
1526 3091 1623 3150 minus
1638 3092 1714 3150 lavet
1727 3092 1822 3152 libro-

227 3183 304 3242 enim
315 3184 450 3261 verbisp.
469 3182 525 3255 73⁰
534 3181 650 3240 δείελα
667 3176 736 3256 Περί
744 3176 1000 3256 πεπαραδειγμσίτων
1054 3201 1118 3240 rum
1135 3199 1285 3251 numerus,
1303 3179 1391 3256 idque
1404 3180 1564 3257 prasertim
1577 3198 1666 3256 quum
1679 3192 1708 3237 et
1722 3181 1773 3257 qui
1788 3181 1824 3239 de

228 3268 477 3347 ίκαίὶνθυμημιίτοιν
487 3269 575 3347 adjic.
583 3287 646 3328 esse
655 3266 999 3344 conj.Spengel.Specim.
1055 3268 1233 3346 Sophisticis
1247 3267 1375 3326 elenchis
1397 3267 1486 3343 uulgo
1507 3267 1664 3344 inscriptus
1677 3280 1718 3325 est
1736 3267 1821 3341 liber,

226 3364 371 3419 commin
389 3362 476 3415 Arist.
490 3359 586 3428 Rhea,
608 3354 766 3425 ilonachii,
791 3354 878 3428 1839,
891 3372 923 3430 p.
940 3352 997 3430 ογ)
1053 3354 1174 3434 Topicis
1198 3354 1430 3415 adnumerandus
1444 3354 1483 3413 sit
1503 3352 1559 3433 (cs.
1583 3353 1685 3411 Waltz.
1709 3355 1740 3413 in
1757 3354 1823 3413 Ari·

227 3444 402 3524 προνλόμενοι
416 3445 501 3523 λέγειν
516 3444 557 3503 ὅτι
567 3443 615 3515 τλν
630 3441 712 3514 uiris
732 3441 806 3498 ταῦτ’
820 3440 875 3519 ίχει
888 3438 999 3518 δύναμιν
1054 3456 1119 3504 stot.
1141 3447 1247 3521 Organ.
1264 3457 1287 3501 t.
1303 3443 1342 3518 ll,
1356 3464 1387 3521 p.
1409 3442 1467 3503 aas
1488 3441 1555 3519 sql,
1570 3441 1707 3520 aquibus
1724 3444 1823 3501 saltem

227 3536 440 3611 εαῖςίπαγωγαῖς
452 3533 497 3592 καί
508 3535 562 3598 τοῖς
574 3533 770 3609 συλλογισμοῖς,
786 3533 870 3587 ταῦτα
882 3527 1000 3607 περλτῆς
1054 3530 1091 3590 ab
1110 3532 1174 3610 ipso
1197 3532 1353 3591 Aristotele
1376 3550 1434 3589 non
1450 3543 1610 3608 separatur.
1634 3530 1691 3588 Sed
1711 3529 1771 3607 jam
1794 3534 1823 3589 in

228 3620 385 3691 ἀναλυτικῆς
403 3619 496 3701 (apud
515 3620 699 3678 Aristotelem
724 3617 812 3697 paulo
827 3636 916 3695 supra
934 3616 955 3678 l.
979 3616 998 3675 l.
1054 3618 1100 3678 his
1125 3618 1340 3678 subsistendum
1365 3638 1427 3677 esse
1454 3630 1536 3695 puto.
1567 3616 1610 3675 Ad
1636 3619 1823 3695 quaestionem

229 3705 385 3764 Ἀναλυτικὰ
401 3706 544 3783 citantur)
555 3705 601 3765 καί
616 3705 754 3782 μεθοδικῆς
763 3702 947 3782 πραγματείας
957 3702 996 3761 τί·
1057 3708 1134 3766 eninr
1153 3707 1240 3765 delati
1254 3726 1354 3766 suiuus
1369 3706 1406 3764 de
1426 3724 1484 3782 qua
1498 3704 1613 3765 facilius
1624 3718 1668 3764 est
1681 3704 1822 3765 hariolari

229 3798 303 3869 θησι,
318 3793 393 3852 illud
407 3793 524 3871 quidem
537 3793 606 3869 jure
629 3793 761 3869 colliges,
777 3811 842 3850 eum
858 3791 998 3866 μεθοδικὴν
1054 3814 1140 3869 quam
1162 3795 1231 3853 satis
1246 3794 1317 3853 certi
1333 3791 1446 3870 aliquid
1469 3794 1615 3869 prolerre,
1632 3792 1741 3871 quippe
1755 3794 1824 3871 quia

227 3879 413 3960 πραγματείαν
433 3900 450 3939 a
473 3878 649 3959 'l‘opicorum
667 3880 754 3938 libris
776 3898 834 3937 non
854 3879 997 3938 diversam
1054 3883 1214 3941 arctissime
1228 3881 1371 3941 cohaereat
1385 3900 1450 3940 cum
1462 3880 1500 3937 iis
1512 3898 1575 3957 quae
1590 3899 1655 3939 cum
1670 3879 1708 3938 de
1724 3881 1822 3939 condi·

229 3971 342 4043 iecisse,
365 3968 401 4028 de
416 3988 504 4029 causa
515 3987 586 4027 vero
596 3988 648 4026 cur
659 3968 700 4025 ita
716 3967 815 4024 lecerit
828 3966 901 4024 nihil
921 3986 999 4025 com·
1054 3973 1133 4029 tione
1158 3970 1397 4029 Aristoteleorum
1424 3966 1570 4025 librorum
1602 3979 1717 4027 narrata
1738 3982 1822 4041 sunt,

228 4059 370 4135 perimus.
387 4058 496 4116 Verum
512 4057 556 4116 lac
570 4076 629 4115 rem
644 4075 703 4113 non
723 4054 808 4113 aliter
825 4072 857 4113 se
873 4054 997 4129 habere,
1054 4072 1113 4117 tum
1128 4058 1275 4117 decorum
1292 4057 1422 4116 editione
1435 4054 1472 4113 ab
1489 4054 1658 4114 Andronico
1673 4055 1753 4114 facta.

228 4145 269 4204 ita
282 4152 326 4218 ut,
343 4146 421 4223 quod
444 4146 599 4223 plerosque
614 4143 740 4220 probare
768 4141 865 4214 video,
888 4142 913 4198 Τ
915 4144 999 4221 opica
1093 4146 1213 4204 Praestat
1233 4146 1324 4221 igitur
1340 4145 1397 4203 huc
1417 4143 1525 4203 reverti
1546 4141 1623 4202 unde
1636 4154 1725 4202 totam
1748 4142 1823 4203 hanc

229 4232 317 4290 semel
337 4231 569 4291 Methodicorum
591 4232 709 4289 nomine
729 4230 935 4308 aphilosoplro
949 4250 999 4309 ap-
1053 4232 1279 4311 disputationem
1293 4232 1355 4291 orsi
1378 4250 1488 4291 sumus.
1509 4228 1573 4289 Non
1594 4230 1671 4287 enim
1695 4229 1821 4289 alienum

229 4320 331 4398 pellari
347 4322 496 4397 potuerint
506 4322 555 4397 (ι),
569 4320 669 4379 eodem
682 4318 770 4377 modo
778 4338 837 4396 quo
851 4318 922 4377 alibi
936 4320 1000 4380 sire
1053 4333 1097 4381 est
1110 4320 1147 4379 ab
1161 4320 1297 4380 hocloco
1311 4334 1343 4379 ut
1357 4320 1393 4380 de
1403 4320 1476 4399 ipsis
1487 4318 1513 4375 T
1515 4318 1609 4395 opicis
1629 4336 1721 4396 pauca
1735 4317 1823 4377 adda-

230 4406 380 4467 dialectica
393 4407 490 4485 (libet.
508 4408 550 4478 ll,
564 4428 612 4485 aa,
627 4417 660 4478 τε
677 4420 704 4465 et
714 4427 738 4463 c.
751 4413 799 4478 αθ,
813 4407 843 4483 ι)
855 4408 918 4464 sive
934 4405 997 4466 Eri-
1053 4428 1128 4469 mus.
1144 4409 1256 4479 Deliis,
1278 4408 1303 4467 si
1318 4407 1396 4485 quod
1411 4408 1447 4466 de
1463 4406 1625 4483 Analyticis
1640 4418 1668 4463 et
1683 4405 1719 4464 de
1733 4404 1822 4465 Cate-

1053 4498 1145 4574 goriis
1176 4496 1311 4569 traditur,
1336 4515 1437 4556 eorum
1466 4495 1597 4554 diversas
1629 4494 1822 4569 recensiones,

255 4580 283 4634 (ί)
297 4580 329 4623 ⁰²
341 4578 391 4624 Μ’)
404 4578 449 4625 '¹⁰⁰
463 4580 514 4626 ¹⁰⁰⁰
524 4580 651 4625 mm
663 4578 767 4634 ‘lum'
777 4576 846 4622 ’ΠΨ
861 4577 998 4623 ”mum
1052 4586 1221 4644 Aristotelis
1245 4585 1363 4643 nomine
1386 4583 1557 4661 inscriptas,
1576 4583 1607 4639 in
1628 4581 1755 4659 antiquis
1777 4582 1821 4641 bi-

228 4640 658 4760 p‘poqqiqtppqeqpufflpepseqqpbpspp
664 4637 999 4754 δσιῗῖονίίδίεηίδδιδδίοηῶῗί
1052 4673 1206 4733 bliothecis
1216 4672 1369 4744 exstitisse,
1381 4671 1552 4744 traderetur,
1568 4670 1623 4729 lroc
1637 4669 1719 4729 nullo
1735 4668 1821 4728 modo

228 4764 415 4812 Modiam
437 4768 578 4813 milonem
606 4764 771 4819 tntsrpotatort
795 4764 889 4808 eatam
911 4763 996 4818 mnan,
1053 4762 1184 4833 mirarer,
1198 4765 1286 4817 immo
1302 4760 1401 4838 potius
1421 4760 1513 4817 miror
1526 4757 1606 4836 quod
1628 4778 1687 4815 non
1715 4756 1819 4815 sactum

228 4828 575 4945 fflffffiffiffiffiffi‘
582 4838 646 4935 ,⁸123
654 4824 901 4933 ssffifflffiffl
910 4828 997 4932 ἓξὲξ
1052 4862 1104 4909 est.
1117 4851 1153 4907 At
1162 4850 1241 4907 luere
1250 4847 1382 4906 nonnulli
1390 4847 1440 4924 qui
1450 4846 1600 4921 etlongius
1610 4842 1819 4945 progrederen-

229 4950 280 4995 tetts
288 4950 476 5004 ιοιεεοεοεειιοοο
485 4950 650 5003 mentun,
658 4950 686 4995 e.
697 4947 796 5002 τουτον,
807 4948 883 4991 uenae
891 4946 997 5005 miteque.
1053 4948 1107 4995 tur.
1117 4936 1194 4995 luter
1208 4954 1281 5013 quos
1291 4954 1350 4993 non
1358 4933 1479 4993 multum
1490 4952 1543 4993 nos
1554 4930 1715 4991 morabitur
1724 4928 1818 4989 Patri-

230 5008 997 5127 ῗβζᾮρῗίῆξᾶᾎγᾍζοᾞγίὲῗᾔξέζξᾞῗᾞγ
1052 5016 1819 5097 ciusvehementissimusobtrectatorAristotelis,qui

227 5138 281 5186 εοιι,
295 5129 326 5175 σε
339 5134 448 5191 eratne·
461 5134 561 5191 εεορρο,
580 5132 705 5189 nemitos
715 5129 766 5174 out
781 5130 927 5183 Amtotetea,
942 5130 997 5175 cor·
1052 5115 1127 5173 ultra
1136 5114 1217 5182 lines,
1230 5104 1820 5189 utsolet,abrcptns,TopicaabAristotele

227 5190 284 5247 ¹¹⁰&
310 5194 370 5236 Μ·
396 5194 475 5253 Ml
495 5196 573 5241 imo
593 5193 709 5239 dublum
731 5192 810 5247 aitqua
830 5190 859 5236 de
887 5190 999 5235 'le'
1052 5198 1245 5277 abjudicanda
1263 5212 1292 5256 et
1320 5196 1520 5272 Theophrasto
1540 5194 1586 5251 rel
1618 5192 1746 5253 Eudemo
1773 5194 1819 5253 rel

228 5252 349 5370 ¹:⁸¹⁰&ss
366 5258 429 5311 ‘¹⁰⁰⁶
440 5268 477 5303 ”⁸
486 5266 602 5314 ”mum
617 5254 679 5311 ῬΜ
694 5252 839 5300 ”mmm
857 5252 939 5307 ,ΨΜ
950 5264 987 5297 ¹⁰⁰
1053 5288 1170 5348 Phaniae
1191 5285 1346 5347 tribuenda
1366 5302 1428 5343 esse
1448 5281 1561 5341 censuit
1576 5282 1627 5359 (cl.
1652 5286 1818 5341 Discussion.
