4017 5984
822 545 1194 615 PHYSIOGNOMONICA.

179 679 253 730 tione
264 687 400 750 concepta
412 693 537 733 sermone
546 681 656 747 utimur,
668 690 698 733 ut
711 691 753 733 est
762 681 810 735 ille
819 696 909 738 sermo
919 686 949 736 in

177 766 334 820 Bucolicis:

243 893 329 948 Mopse,
342 901 414 938 nores
428 892 503 938 incide
511 891 571 938 isoes
580 906 587 936 :
597 892 640 938 irbi
647 893 740 940 ducitur
750 905 817 952 uxos,

243 956 336 1009 source,
345 954 434 1007 merite.
446 964 517 1000 ouen
527 967 533 998 :
545 953 585 1001 ubi
596 953 682 1002 besem
691 956 808 1013 nuperus
817 957 908 1004 (litum

583 1018 656 1076 (visu,
665 1019 714 1064 uu.
728 1020 790 1075 vus.
800 1023 845 1074 so.)

176 1139 204 1180 er
224 1137 313 1182 statius
324 1131 384 1182 oris
401 1128 451 1181 uel
469 1136 558 1182 motus
576 1133 699 1202 corporis
711 1146 771 1184 esse
782 1131 883 1186 dieitur
898 1129 951 1186 boc

177 1217 273 1282 vultu,
298 1219 346 1288 qui
357 1209 523 1289 frequentes
544 1227 609 1270 sunt
621 1215 726 1290 absque
743 1217 948 1292 indignatione.

175 1305 270 1379 Igitur
295 1307 489 1359 Ausmmcs
511 1302 642 1378 probibet
663 1309 821 1378 contingere
840 1325 876 1361 ea
889 1307 951 1362 loca

175 1411 240 1464 quae
267 1407 323 1448 non
345 1401 464 1464 oportet.
484 1392 591 1448 IDEM
608 1393 697 1465 dicit,
725 1399 851 1468 quotiens
877 1407 952 1452 torus

175 1485 204 1534 in
223 1478 323 1550 fronte
351 1490 394 1536 est
417 1485 604 1555 superpositus
628 1484 790 1556 superciliis,
818 1488 952 1558 inquietos

174 1585 232 1622 csse
246 1587 282 1624 ac
296 1567 430 1644 freierus,
458 1579 490 1624 ut
502 1572 561 1644 ipse
571 1574 700 1625 nominat
714 1567 804 1644 (deest
824 1569 950 1628 vocabu·

175 1655 233 1710 ium
248 1673 374 1730 graecum
384 1653 403 1734 ).
420 1657 524 1714 IDEM
536 1659 608 1714 dicit
626 1675 673 1712 eos
697 1662 744 1732 qui
763 1659 882 1714 colorem
895 1679 949 1716 va·

173 1750 242 1798 rium
256 1745 364 1802 babent
380 1758 515 1822 tanquam
528 1747 604 1802 lente
617 1763 770 1820 aspersum,
784 1751 877 1803 uitam
893 1761 950 1803 tur·

168 1853 247 1907 pem,
257 1831 347 1906 saeta
366 1843 463 1912 turpia
483 1853 624 1904 exercere,
646 1847 704 1889 tarrr
725 1837 852 1892 mulieres
865 1856 949 1911 quam

173 1941 274 1982 mares.
290 1925 396 1980 IDEM
408 1925 479 1980 dicit
498 1928 640 1998 imperitos
654 1941 690 1977 ae
707 1928 821 1980 rusticos
833 1943 893 1980 esse
901 1929 950 2000 qui

173 2029 257 2084 quum
280 2013 412 2068 incedunt
439 2011 559 2068 braebia
574 2010 700 2078 inserunt
720 2023 750 2068 et
769 2015 949 2070 immoderate

171 2114 342 2156 commouent
363 2113 391 2156 et
415 2105 463 2176 qui
488 2102 629 2156 calcaneis
656 2103 819 2159 innituntur.
844 2101 949 2158 IDEM

170 2190 239 2244 clieit
260 2207 307 2244 eos
326 2190 423 2264 quibus
441 2207 562 2264 parrum
576 2200 619 2246 est
636 2201 777 2246 veretrum
794 2200 879 2264 atque
894 2195 948 2246 sie·

168 2297 247 2343 curn,
274 2278 432 2333 mulieribus
456 2293 515 2332 esse
537 2277 663 2356 deditos,
689 2275 836 2352 siquibus
859 2282 946 2333 etiam

168 2385 254 2441 quum
272 2385 328 2422 non
347 2367 501 2422 intenditur
515 2377 618 2422 rectum
642 2378 698 2440 est,
720 2380 748 2423 et
768 2365 947 2442 quiseminis

166 2459 312 2528 prosimos
325 2453 431 2508 babent
442 2452 537 2508 vultus
558 2463 588 2508 et
603 2465 724 2508 ceteram
741 2461 863 2529 corporis
882 2475 945 2532 spe·

167 2548 238 2598 ciem
253 2559 265 2599 .·
279 2543 409 2598 masculis
425 2552 520 2596 autem
533 2558 593 2596 esse
604 2542 712 2598 deditos
727 2549 775 2620 qui
792 2565 904 2618 corpore
918 2560 947 2602 er

169 2634 250 2687 vultu
267 2643 330 2686 sunt
340 2631 432 2706 uirili,
451 2634 538 2703 etqui
551 2630 671 2684 alterurn
684 2647 722 2685 eu
735 2634 824 2686 oculis
840 2632 946 2690 lrabent

167 2704 313 2794 glaucum.
342 2721 392 2774 Ita
418 2731 446 2773 et
467 2720 503 2772 de
526 2718 686 2772 mulieribus
704 2719 790 2789 dicit,
815 2724 945 2778 mulieres

168 2814 242 2864 coire
261 2827 323 2862 curn
347 2807 505 2862 mulieribus
526 2823 644 2879 quarum
667 2812 774 2880 species
791 2820 834 2864 est
847 2813 942 2866 mulie·

169 2901 234 2966 bris,
252 2897 382 2952 masculu
389 2907 484 2950 autem
498 2898 593 2965 magis
602 2894 715 2948 deditas
728 2914 792 2969 quoe
801 2903 893 2970 magis
903 2901 946 2953 ad

167 2989 281 3042 uirilem
300 2987 421 3060 speciem
444 2981 620 3056 respondent.
643 2981 697 3054 Qui
715 2985 815 3040 virilia
837 2985 945 3042 liabent

169 3093 279 3148 magna
293 3076 432 3148 laneaque
440 3072 539 3128 stolidi
551 3081 625 3128 sunt.
638 3071 745 3126 IDEM
753 3074 822 3129 dicit
838 3081 943 3149 eosqui

167 3183 251 3239 quum
263 3163 412 3219 ambulant
428 3162 572 3217 calcaneis
586 3165 745 3240 introrsum,
753 3159 875 3236 pedibus
888 3183 942 3219 au-

169 3268 223 3310 tem
241 3251 395 3317 forinsecus
409 3254 546 3308 conuersis
559 3251 695 3318 incedunt,
714 3256 869 3324 posteriora
882 3272 941 3309 sec·

168 3347 234 3398 tari.
255 3342 362 3396 IDEM
385 3340 456 3394 dicit
469 3339 670 3394 attentantibus
688 3357 718 3393 sc
735 3336 858 3410 facilem
882 3361 941 3400 esse

167 3437 217 3505 qui
238 3436 267 3486 in
289 3432 362 3485 alios
377 3432 466 3503 turpis
479 3439 535 3496 est,
560 3433 607 3502 qui
622 3429 730 3484 vultum
750 3441 835 3502 gerat
850 3427 940 3502 firmi·

167 3525 274 3590 ninum,
295 3530 325 3572 et
338 3521 385 3592 qui
396 3521 506 3591 nigrum
519 3519 595 3592 quod
609 3529 651 3573 est
672 3523 748 3573 intra
761 3522 869 3576 oculum
882 3524 941 3577 ali-

167 3620 271 3682 quanto
290 3609 424 3680 pinguius
446 3603 563 3671 lrabeat,
591 3617 619 3660 et
642 3611 690 3680 qui
709 3609 807 3663 laeuirm
832 3613 940 3667 oculum

166 3699 297 3769 glaucum
327 3706 399 3750 erat.
435 3694 516 3747 Idem
550 3694 750 3752 Anssuosms*
775 3698 854 3753 dixit
874 3718 938 3754 sen·

167 3785 242 3839 sibus
263 3800 324 3838 esse
345 3799 392 3835 eas
414 3781 553 3836 tardiores
578 3800 694 3854 quorum
720 3803 801 3838 crure
827 3797 938 3843 incurva

167 3884 237 3938 sunt,
263 3889 330 3945 quos
346 3881 449 3924 certum
474 3880 515 3922 est
535 3870 705 3925 detractione
731 3878 824 3945 potius
844 3877 938 3930 delec-

165 3967 224 4016 tari
244 3979 252 4015 .·
276 3971 340 4015 sunt
352 3961 427 4014 enirn
448 3960 527 4013 otiosi
543 3954 669 4012 homines
690 3965 882 4017 convenientes
898 3966 941 4020 ed

167 4052 255 4106 locum
276 4060 379 4104 certum
393 4050 547 4122 ineptisque
564 4049 769 4103 narrationibus
785 4051 933 4111 strulentes.

165 4138 202 4192 Et
221 4137 338 4193 stolidos
360 4135 550 4193 introrsus
571 4135 639 4189 dicit
657 4154 718 4191 csse
737 4138 837 4210 quibus
855 4159 939 4196 aures

165 4244 281 4300 rnagnae
297 4236 326 4280 et
342 4225 383 4279 ad
402 4225 507 4279 uultum
523 4241 660 4278 conuersus
673 4237 737 4279 sunt
745 4228 889 4302 pedesque
907 4234 936 4283 in

131 4354 133 4360 ,
165 4316 276 4370 modum
293 4311 418 4386 falcium
440 4317 563 4383 recursi,
588 4331 701 4387 quorum
724 4319 787 4368 uoci
805 4319 939 4372 insonant

165 4421 257 4470 nares,
271 4405 300 4458 el
317 4421 430 4477 quorum
441 4403 543 4456 ¹latera
558 4402 664 4456 tumida
680 4413 744 4457 sunt
757 4421 793 4458 ae
810 4423 934 4477 recurre,

165 4499 194 4542 et
205 4507 319 4562 quorum
338 4507 434 4561 genua
448 4493 594 4544 introrsum
605 4499 728 4544 retracta
740 4503 815 4546 sunt.
834 4494 937 4548 IDEM

162 4578 232 4631 dicit
244 4577 362 4633 colorem
368 4576 488 4652 plumbo
504 4579 625 4634 similem
639 4591 668 4632 et
680 4582 728 4652 qui
737 4579 883 4634 distinctus
895 4594 936 4637 est

165 4667 283 4722 maculis
294 4666 420 4720 rotundis
438 4684 519 4739 quem
543 4671 602 4742 ipse
616 4667 747 4742 appellat
759 4665 855 4738 (deest
877 4686 936 4726 no-

165 4770 231 4810 men
256 4749 399 4830 grtecum)
414 4771 577 4828 omnemque
595 4756 735 4810 sordidum
749 4756 867 4811 colorem
888 4776 937 4812 cu·

166 4856 274 4916 temque
291 4859 414 4898 crassam
429 4861 465 4898 ac
478 4861 621 4918 rugosam,
647 4845 794 4898 rotundum
810 4855 936 4900 ventrem

164 4943 193 4986 et
215 4933 431 5004 prominentem,
452 4933 606 5006 quibusque
626 4949 693 4988 earo
709 4935 806 4988 durior
827 4944 882 5001 est,
909 4947 937 4990 et

165 5021 262 5094 quibus
279 5037 352 5072 sura·
362 5038 466 5074 crassa
477 5032 562 5096 atque
573 5039 696 5076 neruosa
709 5032 782 5094 sunt,
795 5033 825 5076 et
837 5021 938 5096 quibus

168 5111 260 5164 uultus
279 5127 415 5182 naresque
428 5129 531 5165 crassa
544 5123 610 5166 sunt
629 5129 639 5168 ε
661 5113 824 5166 stoliditatis
842 5115 937 5167 omnia

164 5199 227 5254 lroec
249 5216 309 5254 esse
326 5199 443 5262 indicia.
467 5201 573 5257 Deinde
594 5203 781 5257 Aumomns
800 5202 868 5256 dicit
885 5204 936 5255 in-

165 5289 242 5342 uidos
259 5305 319 5343 esse
338 5291 385 5362 qui
405 5293 534 5345 sinistras
546 5302 647 5365 partes
673 5296 793 5362 majores
819 5289 933 5352 liabent,

257 5402 422 5442 ARlSWMES·
436 5403 493 5443 vor..
510 5403 546 5444 iv,

1723 580 1780 641 493

1003 699 1034 739 et
1059 691 1159 761 qulbus
1189 696 1342 767 supercilia
1366 701 1409 753 ad
1437 703 1531 758 oculos
1556 709 1685 764 detrem
1706 725 1779 771 sunt.

1004 775 1111 832 IDEM
1124 780 1193 834 dicit
1207 781 1256 836 ubi
1277 801 1315 838 ea
1331 803 1403 858 pars
1416 805 1481 859 quoe
1502 808 1587 866 super
1601 799 1733 869 gingiras
1753 813 1782 856 et

1004 881 1084 918 oram
1103 863 1175 920 labii
1190 875 1340 942 superioris
1358 885 1401 929 est
1420 881 1534 947 eminet,
1551 883 1584 935 id
1591 893 1634 936 est
1646 887 1781 942 medietas

1004 952 1066 1021 ejus
1091 959 1179 1027 spatii
1199 976 1264 1030 quar
1290 965 1363 1016 inter
1385 981 1471 1018 nares
1493 979 1535 1023 est
1552 987 1686 1045 aramque
1710 975 1781 1030 labii

1004 1045 1165 1112 superioris,
1188 1047 1357 1104 maledicum
1370 1052 1515 1126 designari
1526 1053 1585 1130 (ib.
1601 1075 1631 1134 p.
1648 1076 1695 1134 10,
1709 1066 1748 1136 49
1757 1059 1779 1139 ).

1003 1128 1114 1184 IDEM
1123 1133 1191 1187 dicit
1203 1137 1358 1192 maledicos
1371 1157 1432 1194 esse
1451 1143 1551 1214 quibus
1570 1146 1676 1202 labium
1690 1151 1780 1205 abum

1003 1223 1131 1291 superius
1139 1232 1188 1288 est,
1204 1224 1299 1278 uultus
1305 1231 1436 1298 pronior,
1448 1228 1583 1306 hispidus,
1593 1234 1742 1292 subrubeus
1753 1250 1781 1292 et

1004 1310 1046 1360 uti
1062 1308 1137 1362 dieit
1149 1314 1209 1382 ipse
1224 1309 1325 1386 (deest
1335 1331 1414 1370 nom.
1428 1333 1473 1390 gr.
1492 1315 1536 1376 cf.
1553 1318 1593 1378 ib.
1607 1337 1640 1397 p.
1655 1321 1685 1393 6,
1712 1323 1779 1400 ιο).

1004 1395 1109 1450 IDEM
1119 1397 1190 1452 dicit
1205 1417 1288 1456 suras
1305 1421 1388 1476 quum
1402 1417 1533 1461 retractas
1549 1421 1614 1463 sunt
1633 1413 1676 1466 ad
1685 1429 1780 1484 genua
1816 1432 1819 1442 ·

1003 1482 1056 1536 uel
1064 1482 1240 1560 suffragines,
1259 1489 1386 1544 indicare
1403 1489 1545 1548 bominem
1558 1502 1607 1568 qui
1624 1499 1667 1552 ad
1678 1505 1779 1556 coitum

1001 1564 1099 1630 facilis
1111 1575 1150 1626 sit
1167 1584 1196 1628 et
1208 1576 1308 1635 velue.
1335 1578 1437 1634 IDEM
1453 1580 1625 1652 dicitsemur
1637 1604 1722 1658 quum
1732 1594 1780 1643 rri-

1003 1659 1062 1711 mia
1087 1676 1174 1713 carne
1197 1665 1399 1720 circumdatum
1423 1678 1473 1734 est,
1489 1665 1664 1738 femininum
1680 1680 1780 1748 potius

1002 1745 1097 1798 videri
1113 1764 1122 1799 .·
1139 1751 1221 1802 siccis
1234 1752 1385 1826 solidisque
1398 1753 1505 1810 ossibus
1518 1761 1616 1812 uirtuti
1634 1766 1779 1834 assignari

1005 1830 1070 1908 (ib.
1085 1852 1116 1910 p.
1133 1854 1163 1909 9,
1186 1834 1254 1914 28).
1279 1840 1388 1896 IDEM
1404 1844 1474 1898 dicit
1495 1863 1578 1918 quum
1597 1846 1715 1923 bispida
1734 1856 1777 1904 ni·

1002 1927 1088 1978 mium
1101 1936 1167 1978 sunt
1177 1921 1288 1990 femina
1311 1940 1340 1980 et
1360 1947 1458 1999 aaa,
1470 1951 1578 2007 pronos
1597 1940 1628 1990 in
1646 1956 1777 1994 uenerem

1001 2013 1147 2068 ostendas
1167 2033 1178 2068 :
1196 2011 1317 2083 rffertur
1340 2015 1393 2070 bec
1414 2019 1455 2072 ad
1468 2037 1569 2094 capros
1592 2019 1654 2096 (ib.
1671 2041 1701 2100 p.
1727 2045 1776 2096 12,

1006 2096 1070 2172 15).
1093 2103 1200 2157 IDEM
1222 2104 1291 2157 dicit
1313 2117 1394 2159 nates
1416 2109 1542 2164 sicciores
1565 2113 1661 2167 uiriles
1683 2132 1776 2170 esse:

1001 2199 1083 2242 nates
1107 2192 1211 2263 amplis
1241 2193 1372 2247 carnibus
1399 2190 1599 2264 effeminatum
1620 2204 1774 2260 ostendere.

1001 2275 1092 2331 Nares
1107 2291 1203 2334 autem
1219 2291 1357 2355 tanquam
1372 2278 1500 2338 abscisus
1513 2287 1700 2362 malignitatis
1716 2309 1777 2346 esse

999 2370 1085 2436 signa
1108 2364 1250 2438 :refertur
1272 2369 1326 2423 boc
1347 2371 1390 2423 ad
1408 2389 1501 2426 ursum
1521 2384 1551 2427 et
1580 2380 1693 2432 simiam
1712 2374 1774 2455 (ib.

1000 2470 1030 2528 p.
1049 2472 1083 2527 9,
1112 2453 1146 2510 31
1159 2454 1180 2530 ).
1197 2457 1303 2511 IDEM
1313 2458 1381 2511 dicit
1386 2466 1572 2532 pantomimis
1588 2475 1617 2519 et
1632 2466 1709 2520 aleoe
1728 2467 1777 2522 de·

997 2543 1071 2596 ditos
1093 2560 1154 2598 esse
1174 2548 1222 2616 qui
1233 2543 1348 2598 braclria
1365 2546 1405 2599 ab
1418 2545 1533 2604 humero
1552 2568 1637 2626 usque
1648 2555 1692 2608 ad
1699 2556 1776 2611 cubi·

997 2641 1057 2685 tunt
1066 2629 1192 2686 breuiora
1205 2630 1312 2685 babent
1325 2651 1409 2706 quam
1422 2647 1465 2689 est
1473 2642 1596 2709 spatium
1608 2641 1647 2696 ab
1659 2639 1776 2699 humero

997 2738 1083 2793 usque
1103 2718 1147 2774 ad
1161 2730 1248 2792 caput
1263 2737 1398 2775 summum
1413 2720 1474 2796 (ib.
1493 2742 1522 2798 p.
1537 2726 1567 2796 6,
1589 2745 1620 2781 ιι
1633 2728 1655 2802 ).
1669 2733 1775 2788 lisdem

997 2811 1077 2862 uitiis
1093 2809 1213 2862 attineri
1234 2824 1298 2860 eum
1317 2812 1364 2880 qui
1370 2807 1488 2877 semina
1501 2831 1604 2884 parva,
1623 2834 1707 2872 crura
1721 2837 1774 2872 au»

998 2907 1052 2950 rern
1067 2893 1154 2949 babet
1171 2896 1309 2966 longiora.
1326 2896 1432 2951 IDEM
1443 2901 1514 2954 dicit
1527 2904 1618 2956 tristes
1630 2920 1690 2958 esse
1709 2911 1774 2978 qui.

998 2983 1048 3040 bus
1059 2983 1154 3045 uultus
1175 2987 1268 3037 omnis
1284 2999 1403 3056 rupturus
1414 2996 1466 3042 est.
1481 2985 1589 3042 IDEM
1600 2989 1669 3044 dicit
1678 3009 1774 3065 parua

996 3088 1114 3144 corpora
1135 3070 1249 3124 uelocia
1274 3068 1334 3145 (ib.
1359 3090 1389 3148 p.
1416 3080 1468 3143 tl,
1497 3073 1561 3149 17).
1576 3075 1668 3146 Quum
1687 3082 1774 3150 igitur

995 3164 1071 3214 sicca
1080 3169 1205 3214 comest
1218 3164 1246 3214 in
1253 3181 1344 3234 paruo
1362 3179 1477 3237 corpore
1484 3164 1613 3238 colorque
1623 3169 1770 3238 candidus,

996 3245 1173 3322 inefficacem
1198 3246 1339 3305 hominem
1372 3270 1432 3306 esse
1462 3249 1518 3327 (ib.
1543 3269 1576 3331 p.
1606 3260 1658 3324 sl,
1690 3254 1772 3331 18).-

995 3355 1078 3412 quum
1105 3354 1174 3392 uero
1197 3355 1302 3413 magno
1325 3345 1433 3415 corpori
1451 3360 1518 3396 caro
1542 3343 1635 3399 mollis
1657 3356 1700 3400 est
1723 3347 1774 3400 uel

995 3424 1071 3479 color
1094 3435 1136 3478 est
1154 3420 1292 3497 frigidus,
1314 3422 1477 3500 inefficaces
1499 3443 1566 3485 sunt
1584 3426 1645 3506 (ib.
1670 3450 1701 3509 p.
1722 3439 1770 3505 tl,

996 3512 1034 3567 26
1048 3509 1068 3588 ).
1086 3513 1171 3568 Color
1195 3525 1291 3570 autem
1314 3516 1423 3570 calidus
1443 3522 1525 3593 niger
1546 3529 1601 3585 est,
1628 3520 1767 3595 subniger,

995 3607 1109 3675 ignitus,
1128 3601 1230 3658 rubeus
1254 3621 1262 3656 .·
1290 3605 1367 3659 color
1372 3601 1500 3679 frigidus
1516 3607 1600 3661 albus
1616 3619 1662 3663 est
1681 3627 1693 3662 .·
1711 3628 1771 3664 me·

992 3693 1056 3746 clius
1069 3695 1142 3746 inter
1162 3696 1273 3767 nigrum
1292 3703 1321 3747 et
1327 3694 1471 3767 pallidum
1491 3694 1616 3750 babetur.
1630 3696 1671 3752 Et
1680 3699 1771 3754 calidi

994 3782 1095 3836 coloris
1112 3785 1235 3853 signum,
1258 3793 1390 3855 utsupra
1411 3783 1514 3836 dictum
1529 3793 1586 3852 est,
1606 3787 1770 3841 merr'dt'anae

991 3867 1100 3944 plaga,
1109 3864 1218 3940 frigidi
1227 3871 1439 3943 septentrionali
1456 3870 1620 3926 attributum
1629 3883 1681 3932 est.
1696 3873 1769 3928 liur-

992 3976 1040 4012 sus
1058 3975 1142 4032 quurn
1166 3976 1265 4032 eorpus
1271 3976 1394 4032 parvum
1414 3960 1494 4014 molli
1513 3977 1599 4014 carne
1615 3964 1769 4017 circumda-

992 4059 1050 4101 tum
1073 4056 1157 4101 estet
1176 4046 1295 4100 colorem
1314 4064 1353 4101 en
1363 4043 1564 4120 frigidioribus
1577 4054 1700 4105 sortiturm
1712 4063 1765 4121 est,

991 4132 1081 4193 facile
1097 4135 1213 4208 perficit
1231 4144 1325 4208 coepta
1347 4145 1377 4190 et
1395 4148 1437 4190 est
1457 4131 1566 4209 efficat
1581 4131 1641 4214 (ib.
1666 4155 1696 4213 p.
1715 4145 1766 4212 14,

993 4221 1052 4297 30)
1070 4241 1078 4278 :
1094 4241 1194 4297 corpus
1211 4233 1305 4277 autem
1329 4241 1464 4296 magnum
1477 4243 1560 4298 quum
1582 4229 1658 4280 sicca
1680 4245 1767 4282 carne

990 4311 1193 4366 circumdatum
1227 4322 1269 4364 est
1304 4322 1336 4364 et
1364 4312 1483 4366 colorem
1516 4331 1555 4366 ex
1589 4315 1767 4370 calidioribus

989 4403 1122 4473 sumpsit,
1133 4396 1242 4474 fferre
1259 4411 1300 4452 est
1310 4403 1442 4473 vigetque
1453 4401 1579 4456 sensibus
1593 4395 1653 4476 (ib.
1667 4421 1698 4480 p.
1717 4411 1763 4475 sb,

1031 4577 1171 4631 lloecsunt
1189 4594 1254 4649 quae
1277 4577 1357 4649 apud
1376 4577 1482 4632 wirnt
1507 4589 1535 4632 et
1563 4580 1763 4634 Aureum-eux

991 4667 1118 4720 notanda
1131 4684 1191 4720 esse
1209 4665 1389 4735 credidimus,
1404 4685 1469 4740 quar
1481 4671 1567 4721 etiarn
1582 4685 1601 4721 a
1615 4667 1763 4723 Polemone

991 4756 1042 4810 vel
1050 4772 1106 4808 non
1117 4755 1192 4809 dicta
1204 4751 1253 4810 uel
1262 4753 1430 4807 aliterdictu
1448 4770 1507 4807 esse
1514 4755 1714 4827 perspeximus.
1725 4755 1762 4806 Iu

990 4848 1089 4898 ceteris
1102 4848 1176 4898 enim
1180 4843 1380 4917 propemodum
1392 4843 1517 4899 amnibus
1529 4841 1561 4895 lsi
1572 4854 1627 4896 tres
1637 4852 1762 4896 erectores

990 4929 1102 4986 sibimet
1121 4936 1304 4988 consentiunt.

1031 5018 1066 5076 ln
1087 5017 1187 5077 eodem
1208 5029 1329 5076 tractatu
1348 5015 1408 5092 jum
1428 5029 1511 5074 antea
1531 5028 1575 5073 ter
1597 5013 1760 5074 Aristotelis

992 5125 1097 5164 nomen
1113 5105 1263 5164 obcurrit:

1031 5193 1065 5255 P.
1081 5195 1148 5267 133,
1166 5195 1203 5252 23
1221 5214 1227 5250 :
1244 5194 1438 5251 Aeserninus
1458 5193 1619 5263 hujusmodi
1630 5196 1687 5248 oris
1709 5190 1760 5247 bo·

992 5291 1091 5350 mines,
1106 5289 1191 5340 idest
1203 5290 1323 5343 concavi,
1340 5281 1499 5337 libidinosos
1514 5284 1606 5354 magis
1627 5282 1758 5338 ostendit.

1641 5387 1668 5433 18
