4017 5984
237 444 278 505 δῶ
546 436 553 449 ’
775 432 1023 495 ARISTOTELIS
1045 430 1297 493 FRAGMENTA.

240 588 339 633 mento
357 573 409 631 vix
424 590 501 649 opus
516 582 596 640 erat,
613 588 703 646 quum
720 567 880 647 praesertim
893 568 925 624 in
937 566 1012 623 lilar-
1067 568 1190 638 τοιαῦτα,
1208 562 1242 621 τὰ
1256 563 1283 622 it
1296 564 1323 621 δν
1337 562 1442 642 οόνματι
1461 564 1544 645 ίσχύς,
1561 566 1666 639 κάλλος,
1681 568 1767 646 ὑγεία,
1786 572 1843 628 uir·

240 663 323 721 ciana
346 658 519 719 collectione
547 657 638 715 multa
664 658 797 733 legantur
827 674 886 713 non
913 654 1013 711 minus
1068 650 1109 720 ξία
1130 651 1176 708 καὶ
1196 650 1230 710 τδι
1255 650 1323 710 ἄλλα
1349 650 1382 709 eir
1403 657 1530 725 τοιαῦτα,
1556 652 1589 712 ri
1616 653 1644 713 δί
1669 656 1742 721 ἐκτὸς
1765 658 1842 737 elim,

239 748 360 807 Platone
383 765 469 823 quam
496 745 652 804 Aristotele
673 762 796 823 prorsus
819 743 958 818 indigna,
976 760 1013 800 ne
1068 739 1187 811 πλοῦτος,
1206 736 1320 815 εὐδοξία,
1341 738 1467 818 πατρίδος
1486 738 1649 817 εὐδαιμονία.
1664 743 1726 802 Τῶν
1739 747 1842 820 ἀγαθῶν

239 836 332 896 dicam
348 834 475 893 absurda
490 847 518 892 et
541 832 677 893 ridicula.
692 833 865 909 Quanquam
893 844 922 889 et
935 850 1011 889 non·
1068 824 1119 905 ἀρα
1138 823 1171 883 ri
1187 824 1235 903 μίν
1256 827 1328 884 iram
1345 829 1372 886 δν
1386 828 1476 907 ψυχῇ,
1499 825 1533 887 τὰ
1545 826 1572 885 δὲ
1590 829 1616 886 ιν
1632 826 1751 907 κώμῃ,
1765 834 1797 889 ,η
1815 833 1842 889 δὲ

239 926 320 983 nulla
332 924 434 982 insunt
441 922 619 998 antiquioris
636 921 761 997 originis
774 935 872 999 aperta
884 919 1010 991 indicia,
1068 912 1150 979 δκτός.

238 1013 376 1093 inprimis
400 1031 469 1070 vero
484 1010 564 1089 quod
588 1009 624 1069 de
642 1009 819 1068 florentibus
833 1008 927 1067 adhuc
941 1008 1010 1066 Car·
1108 1000 1153 1061 ld.
1181 1002 1218 1059 56
1240 1004 1324 1059 εΤῶν
1342 1000 1425 1061 όντων
1445 1002 1548 1081 ἀγαθῶν
1562 1001 1686 1079 ὁμοιότης
1708 1008 1760 1063 τῶν
1782 1010 1843 1087 περὶ

238 1100 463 1177 thaginiensium
477 1099 567 1157 relius
578 1112 606 1157 et
618 1099 738 1175 regibus
751 1118 815 1156 cum
833 1098 1011 1155 lacedaemo·
1069 1086 1218 1169 τψνψυχὴν
1233 1088 1341 1147 καὶτῶν
1353 1090 1413 1169 περὶ
1424 1090 1454 1149 τό
1471 1092 1549 1166 σῶμα
1569 1090 1674 1149 καὶτῶν
1687 1093 1760 1161 ἐκτός
1774 1095 1842 1155 iero

237 1192 353 1250 nimum
369 1203 430 1249 tum
447 1188 638 1246 Macedonum
654 1187 763 1245 dictum
781 1200 825 1246 est
840 1186 898 1265 (cf.
918 1184 966 1243 iti
980 1199 1010 1243 et
1068 1177 1144 1250 αὐτη·
1160 1176 1194 1237 tit
1210 1176 1258 1255 μίν
1273 1169 1317 1237 οὐν
1329 1181 1422 1257 πρῶτα
1434 1178 1487 1245 τοῖς
1501 1176 1612 1259 πρώτοις
1625 1179 1694 1239 ἐστίν
1705 1182 1795 1259 ipone,
1810 1184 1843 1243 τδι

236 1278 336 1352 xiv),
349 1279 391 1337 ita
404 1290 437 1336 ut
450 1276 486 1335 de
507 1276 555 1334 his
568 1274 774 1334 Divisionibus
791 1276 868 1334 idem
889 1274 1012 1333 fortasse
1067 1266 1094 1326 it
1106 1266 1214 1347 διύτιρα
1230 1276 1282 1337 τοῖς
1299 1266 1437 1348 δευτέροις,
1452 1266 1486 1325 ti
1496 1267 1523 1325 ii
1535 1266 1612 1347 τρίτα
1627 1276 1679 1335 τοῖς
1690 1270 1795 1349 τρίτοις,
1809 1274 1843 1331 τδι
1873 1269 1879 1283 ’

236 1363 419 1424 statuendum
435 1363 489 1434 sit,
503 1361 583 1439 qnod
594 1375 621 1419 et
633 1361 670 1419 dc
682 1361 876 1420 Problematis
887 1360 1011 1438 aliisque
1067 1353 1094 1413 it
1108 1355 1222 1435 τίταρτα
1233 1356 1286 1422 τοῖς
1300 1356 1442 1436 τετάρταις·
1457 1354 1513 1413 ίστι
1528 1354 1555 1415 δὲ
1565 1358 1599 1414 τδι
1615 1355 1662 1432 μὲν
1673 1360 1700 1417 ἐν
1712 1359 1796 1440 ψυχῇ,
1811 1362 1844 1418 τά

236 1452 346 1513 talibus
368 1452 456 1511 libris
479 1450 706 1509 :collectionem
723 1451 770 1509 cui
791 1450 914 1509 fortasse
930 1468 1011 1527 quae-
1067 1441 1094 1501 δδ
1110 1446 1137 1503 ir
1150 1444 1272 1521 σώματι,
1292 1444 1325 1503 τδι
1346 1445 1373 1503 δὲ
1388 1444 1471 1509 ἀκτίς.
1487 1442 1524 1503 Ἦ
1543 1443 1590 1521 μὲν
1609 1446 1660 1525 γὰρ
1681 1445 1803 1527 φρόνησις
1818 1454 1843 1508 ἐν

236 1540 303 1601 dam
322 1540 437 1599 inerant
454 1539 569 1617 abipso
593 1538 748 1597 Aristotele
760 1538 926 1616 conscripta
943 1537 1010 1595 sire
1066 1534 1140 1611 ψυχῇ
1159 1524 1223 1590 οὐσα
1243 1530 1315 1593 αἰτία
1330 1530 1386 1592 ἐστὶ
1402 1536 1448 1591 τοῦ
1463 1531 1595 1610 κράτιστα
1618 1531 1666 1605 τὴν
1682 1532 1773 1613 ψυχὴν
1788 1536 1845 1593 δια-

236 1648 274 1688 ex
298 1629 362 1705 ejus
386 1629 476 1687 libris
497 1640 651 1705 excerpta,
678 1641 780 1705 postea
802 1627 894 1686 variis
915 1625 1011 1684 modis
1067 1620 1179 1694 κεῖσθαι,
1196 1624 1222 1691 ἡ,
1234 1618 1262 1678 tt
1280 1617 1366 1688 εὐεξία
1382 1620 1457 1679 αἰτία
1472 1618 1527 1679 ieri
1541 1626 1586 1677 τοῦ
1606 1620 1635 1679 τδ
1656 1622 1733 1699 σῶμα
1749 1621 1843 1700 άριστα

239 1730 352 1778 auctam
368 1730 399 1777 et
418 1717 644 1795 interpolatam,
662 1716 693 1773 in
709 1715 816 1775 scholis
837 1716 1010 1794 Peripateti·
1068 1710 1220 1769 διακεῖσθαι·
1239 1706 1303 1788 ὅπερ
1316 1708 1367 1787 γάρ
1383 1707 1505 1788 βούλεται
1519 1708 1629 1791 πράττει
1692 1709 1842 1779 ὐιῦὐιίιῗιι·

237 1825 338 1865 corum
359 1819 550 1885 propagatam
571 1805 669 1863 luisse.
687 1804 846 1882 Utramque
865 1804 1012 1863 collectio·
1066 1794 1202 1858 Ἕκαστον
1226 1798 1277 1878 ἀρα
1301 1797 1401 1857 τούτων
1423 1802 1475 1857 τῶν
1496 1800 1601 1877 ἀγαθῶν
1626 1802 1844 1879 πρωταγωνιστεῖ

212 1910 217 1927 ·
237 1914 302 1954 nem
319 1893 461 1966 dedimus,
478 1894 618 1969 Diogenis
638 1890 747 1951 Laertii
762 1892 948 1952 Cohetianam
963 1910 1012 1951 re-
1068 1882 1114 1944 καί
1138 1882 1229 1966 πρώτη
1247 1883 1329 1968 [add.
1348 1882 1466 1966 ταύτηδ]
1488 1884 1654 1961 λαμύάνιται
1676 1887 1842 1965 ἡδμοιότης.

238 1986 403 2043 censionem
421 1982 525 2053 secuti,
547 1980 723 2039 lilarcianam
745 1982 889 2058 qualeme
912 1980 1013 2039 codiee
1071 1972 1124 2032 Καὶ
1148 1974 1228 2033 raia
1251 1972 1331 2046 ἡμίν
1351 1972 1502 2045 δικαιοσόνη
1521 1972 1554 2032 ’όν
1578 1976 1651 2054 ψυχῇ
1674 1974 1745 2036 ίστίν
1764 1980 1781 2047 ἡ
1800 1979 1844 2036 καὶ

237 2068 314 2131 Βοτα
325 2072 440 2151 primur
453 2069 556 2129 edidit.
1069 2059 1351 2139 ulrie[ineercndum
1365 2060 1482 2119 ridetur
1496 2059 1624 2134 εὐταξίας,
1638 2062 1676 2121 cf.
1693 2062 1767 2125 Plat.
1782 2065 1845 2125 ilci.

283 2135 286 2139 ’
1068 2167 1100 2225 p.
1119 2155 1186 2220 dn,
1208 2148 1247 2227 ii]
1265 2138 1329 2208 οὐσα
1351 2152 1402 2206 τῶν
1425 2152 1471 2219 τῆς
1494 2150 1581 2229 ψυχῆς
1606 2154 1704 2228 μερῶν,
1726 2154 1742 2221 ἡ
1762 2152 1844 2210 ilii.

1068 2234 1182 2314 πρόπεια
1198 2238 1224 2293 δν
1245 2236 1349 2312 σώματι
1374 2226 1438 2295 οὐσα
1459 2236 1565 2304 εὐταξία
1583 2236 1639 2295 ἐστὶ
1654 2240 1707 2295 τῶν
1728 2242 1774 2297 τοῦ
1794 2243 1847 2299 σόν·

1069 2348 1152 2402 ματος
1180 2326 1282 2403 μερῶν,
1314 2327 1415 2404 ψυχροῦ
1438 2323 1484 2381 καὶ
1508 2329 1602 2403 θερμοῦ
1626 2323 1672 2383 καὶ
1692 2322 1773 2404 ξηροῦ
1801 2329 1845 2386 καί

1069 2414 1187 2490 ὐγρού,ί,
1203 2410 1229 2469 ii
1243 2409 1352 2489 εὐτυχία
1363 2410 1434 2477 ἐκτός
1448 2401 1512 2468 οὐσα
1526 2410 1645 2487 εὐκαιρία
1657 2411 1695 2476 τίς
1705 2414 1848 2485 ἐστιπραγ·

1103 2497 1111 2515 Ι

578 2236 680 2315 (¹37-l

279 2412 423 2486 Diogenes
437 2409 532 2471 Laert.
555 2406 610 2481 ill,
625 2409 685 2465 80:
702 2405 794 2487 Διῄρει
807 2406 835 2464 δὲ
857 2408 886 2483 (θ
899 2408 1012 2466 Πλάτων

238 2500 328 2576 icil),
342 2497 421 2578 ψησίν
431 2501 445 2557 θ
454 2494 701 2577 Ἀριστοτέλης,
711 2494 756 2559 καί
767 2493 800 2552 τδι
809 2494 955 2572 πράγματα
964 2503 1017 2555 τοῶ

237 2609 281 2646 τον
295 2586 339 2646 τδν
353 2584 460 2665 τρόπον.

277 2674 299 2733 i.
313 2676 375 2735 Τῶν
389 2675 493 2750 ἀγαθῶν
507 2675 563 2731 ἐστι
574 2672 606 2731 τδι
622 2671 669 2746 μὲν
685 2673 713 2730 ίν
721 2673 809 2751 ψυχῇ,
831 2669 864 2729 air
876 2670 902 2728 δ’
922 2670 950 2728 ἰν
960 2670 1012 2729 σόν-

238 2784 312 2838 ματι,
323 2760 358 2820 ri
371 2761 394 2821 δ’
408 2753 584 2830 ίκτός·οίονὴ
607 2757 655 2833 μὲν
680 2758 833 2829 δικαιοσύνη
846 2759 892 2816 καὶ
912 2762 928 2829 ἡ
947 2759 1014 2841 φρό-

237 2872 311 2920 νησις
333 2848 412 2921 καὶὴ
432 2847 538 2927 ἀνδρεία
552 2848 596 2906 καὶ
611 2845 770 2926 σωφροσύνη
792 2846 838 2904 καί
858 2845 891 2905 τδι
904 2852 1014 2906 τοιαῦτα

238 2941 263 2996 ir
277 2925 404 3018 ψυχῇτδ
417 2936 444 2995 ii
460 2936 556 3001 κάλλος
570 2934 647 3004 καὶὴ
666 2933 752 3002 εὐεξία
772 2934 818 2993 καὶ
834 2939 851 3005 ἡ
869 2934 955 3012 ὑγίεια
970 2936 1016 2996 καὶ

236 3032 254 3097 ἡ
269 3024 344 3106 ίσχύς
360 3028 387 3084 ίν
401 3026 549 3101 adpareret
565 3022 591 3083 ll
604 3026 674 3105 φίλοι
691 3024 763 3095 καὶὴ
776 3027 823 3095 τῆς
836 3026 959 3103 πατρίδος
970 3028 1016 3084 εὐ-

239 3114 359 3190 δαιμονία
369 3113 414 3191 καύ
427 3117 441 3171 δ
452 3116 563 3173 πλοῦτος
577 3115 604 3169 ἐν
614 3118 667 3176 τοῖς
675 3109 756 3175 ἐκτός.
769 3114 831 3170 Τῶν
839 3115 944 3189 ἀγαθῶν
962 3113 1015 3194 ἀρα

237 3204 296 3275 τρία
307 3200 365 3271 είδη
380 3200 446 3259 ieri·
459 3198 494 3258 τά
509 3200 557 3276 μίν
572 3203 598 3259 ίν
608 3202 693 3279 ψυχῇ,
711 3197 745 3258 rit
758 3198 783 3255 δ’
802 3199 829 3255 ίν
850 3198 967 3275 σώματι,
981 3201 1015 3259 τά

238 3291 262 3349 δ’
280 3288 366 3355 ίκτός.

279 3377 354 3437 cod.
375 3374 465 3436 lianc.
488 3376 505 3434 5
530 3396 537 3432 t
556 3381 701 3454 Διαιρεῖται
726 3374 761 3435 τά
782 3375 868 3455 ἀγαθά
892 3378 928 3446 τίς
945 3378 1015 3457 τρία·

237 3463 359 3543 ίστιγύρ
381 3466 467 3522 αὐτῶν
481 3462 515 3522 τδι
537 3463 584 3539 μὲν
605 3466 632 3523 ἐν
655 3468 689 3543 τῇ
712 3462 853 3545 ψυχῇ,τά
872 3462 942 3522 itta
962 3462 1014 3523 σείε-

238 3575 314 3627 para,
329 3552 363 3611 τδι
378 3552 405 3609 δδ
416 3553 499 3618 ίατός.
514 3547 593 3608 Ἐστι
608 3549 635 3610 δὲ
645 3549 678 3609 τδι
689 3551 737 3629 μίν
752 3555 779 3613 δν
792 3555 866 3634 ψυχῇ
880 3550 1013 3635 φρόνησις,

237 3639 407 3718 δικαιοσύνη,
432 3640 540 3721 ἀνδρία,
572 3638 725 3720 σωρροσύνη
751 3642 798 3701 καὶ
825 3639 858 3699 τδι
887 3641 955 3700 ἀλλα
979 3639 1012 3698 tir

1072 2520 1163 2571 ματων
1194 2498 1379 2574 συμπτώσεως·
1393 2497 1462 2557 ῶστε
1473 2497 1556 2576 ταύτῃ
1570 2498 1648 2558 πάλιν
1663 2501 1844 2578 παραλαμύά·

1069 2608 1142 2643 νεται
1153 2590 1169 2653 ί,
1180 2583 1301 2661 ὁμοιότης
1314 2586 1366 2643 τῶν
1377 2585 1492 2665 ἀγαθῶν.
1503 2587 1557 2647 Καὶ
1569 2584 1673 2659 πάλινή
1682 2586 1729 2665 μὲν
1741 2588 1846 2668 ἀνδρεία

1071 2675 1180 2753 ἐνψυχῇ
1191 2662 1257 2731 οὐσα
1271 2671 1346 2752 ὐσχύς
1359 2670 1398 2739 τίς
1407 2674 1464 2731 ίστι
1478 2672 1523 2731 καί
1538 2671 1614 2753 ψῶμη
1626 2673 1689 2785 τψρύς
1699 2674 1792 2755 oddone
1802 2677 1847 2734 καὶ
1898 2654 1908 2675 ’

1070 2758 1105 2817 τί
1125 2764 1246 2833 τοιαῦτα,
1268 2758 1329 2831 ἠδὲ
1353 2758 1429 2839 ίσχύς
1444 2763 1471 2818 ir
1496 2758 1600 2837 σώματι
1622 2783 1689 2819 ουσα
1705 2762 1770 2842 πρὸς
1789 2762 1848 2829 τούς

1071 2848 1163 2913 πόνους
1179 2845 1224 2905 καὶ
1239 2846 1285 2913 ri<
1298 2846 1474 2915 κακοπαθείας
1495 2848 1570 2929 lusit
1592 2849 1681 2926 ίστιν,
1695 2849 1719 2906 oi
1733 2848 1760 2907 δὲ
1778 2850 1848 2929 φίλοι

1073 2936 1146 3001 ε’κτύς
1163 2934 1233 3001 όντες
1247 2936 1323 3015 ίσχύν
1345 2933 1422 3007 τήνδε
1446 2934 1536 3014 ίχουσι
1551 2935 1615 3015 πρὸς
1631 2935 1679 3007 τὴν
1697 2936 1768 3001 ίκτδς
1789 2935 1848 3013 βοή·

1072 3032 1154 3101 θειαν·
1168 3015 1189 3105 ᾧ
1202 3024 1254 3104 γδιρ
1266 3026 1359 3083 πολλοὶ
1372 3024 1440 3104 oiim
1461 3022 1525 3082 είσύν
1547 3022 1713 3103 ἰσχυρότερος
1729 3015 1803 3088 αὐτος
1820 3026 1845 3082 ἀν

1073 3114 1159 3171 πόλει·
1177 3112 1342 3190 λαμόάνεται
1358 3113 1384 3170 δὲ
1400 3112 1541 3191 καὶταύτῃ
1557 3116 1607 3167 τῶν
1628 3114 1731 3185 ἀγαθῶν
1747 3112 1846 3169 τούτων

1074 3204 1090 3270 ἡ
1114 3200 1243 3275 ὁμοιότης.
1265 3199 1317 3258 liei
1341 3200 1420 3256 πάλιν
1445 3202 1462 3267 ἡ
1485 3198 1532 3273 μὲν
1555 3200 1710 3278 σιυρροσύνη
1726 3201 1752 3257 ἔν
1773 3200 1846 3280 ψυχῇ

1073 3278 1139 3345 οὐσα
1150 3295 1244 3364 κοσμεῖ
1257 3286 1307 3358 τὴν
1327 3286 1414 3367 ψυχὴν
1432 3286 1477 3344 καὶ
1490 3287 1646 3367 συμμέτρως
1660 3290 1705 3358 ζῆν
1720 3294 1802 3365 ποιεῖ,
1816 3285 1846 3345 τό

1072 3375 1099 3433 δὲ
1120 3375 1215 3445 κάλλος
1236 3376 1262 3433 ἀν
1283 3372 1388 3450 σώματι
1407 3371 1434 3430 δν
1454 3382 1548 3447 κοσμεῖ
1565 3374 1595 3433 τὸ
1616 3376 1694 3451 σῶμα
1710 3372 1754 3433 καί
1775 3374 1845 3454 οὐμ-

1072 3486 1166 3544 μετρον
1181 3462 1387 3543 παρασκευάζει,
1404 3464 1418 3519 ὁ
1432 3460 1460 3519 δὲ
1474 3464 1585 3528 πλοῦτος
1600 3462 1673 3531 larii<
1683 3462 1719 3521 ta
1733 3465 1846 3545 χορηγὸς

1070 3556 1114 3612 καί
1129 3553 1264 3627 κοσμητὴς
1272 3556 1323 3611 τῶν
1334 3548 1477 3632 ἀνθρώπων
1487 3552 1568 3611 ίστίν·
1581 3553 1627 3611 καὶ
1641 3553 1725 3633 ταύτῃ
1740 3554 1846 3630 lupici-

1070 3664 1142 3699 νεται
1156 3642 1208 3699 τῶν
1218 3643 1322 3718 ἀγαθῶν
1333 3638 1431 3699 τούτων
1443 3644 1461 3711 ἡ
1473 3638 1605 3717 ὁμοιότης.

954 3802 1146 3815 -ἣ“

493 3977 758 4057 nivisium-IS.

268 4156 430 4207 Distribuebat
448 4162 530 4209 eutem
551 4161 633 4219 Plato,
653 4164 680 4211 nt
698 4162 731 4212 ait
751 4162 904 4223 Aristotelen,
926 4176 966 4214 rer
988 4164 1012 4214 in

237 4244 300 4294 ltunc
313 4246 411 4296 niodum
424 4265 432 4297 τ

1066 3918 1155 3968 genum
1174 3906 1298 3969 cantoria,
1311 3906 1390 3967 rirer,
1410 3905 1577 3969 pulchritudo,
1591 3907 1696 3971 canitae,
1709 3908 1785 3958 bonus
1800 3908 1845 3957 ira·

1067 3992 1131 4043 iiiut
1156 3994 1181 4043 ei
1203 3992 1227 4041 ld
1250 4004 1326 4058 genua
1346 3992 1406 4055 alla,
1427 3996 1527 4045 externa
1549 4007 1608 4044 vero
1632 3994 1718 4054 amici,
1738 3994 1843 4055 divitiae,

1065 4079 1156 4143 gioria,
1180 4080 1264 4143 patrie
1287 4080 1394 4132 ielicitar.
1419 4082 1541 4132 Βοοοταιο
1563 4080 1635 4145 igitur
1655 4080 1766 4145 quedam
1788 4086 1844 4135 aaut

1065 4166 1154 4229 enimi,
1165 4167 1277 4231 onimium
1289 4169 1409 4233 corporir,
1422 4169 1468 4218 aila
1482 4182 1540 4218 vero
1551 4168 1706 4219 extrinsecus.

1095 4262 1133 4308 5ο.
1150 4255 1284 4307 Similitudo
1303 4257 1420 4307 bonomm
1438 4270 1495 4321 quo
1514 4258 1571 4307 aunt
1587 4256 1675 4322 animi,
1693 4258 1801 4321 corpor-ir
1819 4264 1845 4310 ei

269 4336 289 4384 i.
307 4337 342 4383 Ex
365 4334 449 4396 bonis,
471 4336 559 4399 inquit,
582 4338 692 4401 numiam
713 4342 769 4389 suut
795 4340 883 4401 animi,
902 4340 1012 4404 quedam
1064 4344 1214 4395 extrinsecus
1233 4344 1285 4395 ltere
1297 4347 1335 4395 eat
1353 4365 1359 4395 ε
1377 4345 1455 4410 priora
1473 4336 1560 4395 similla
1580 4348 1636 4396 runt
1654 4344 1842 4409 prioribua,ee·

236 4421 357 4484 corporis,
368 4421 415 4471 alia
427 4422 577 4474 extrinsecae
592 4443 599 4475 ε
613 4424 745 4490 iustitiam,
760 4428 930 4492 prudentiam,
943 4430 1011 4480 lorti·

236 4507 357 4570 tudinem,
368 4511 550 4573 temperantiam
560 4513 585 4562 et
595 4514 674 4563 cetera
687 4512 712 4563 id
728 4526 804 4576 geone
817 4514 843 4563 in
851 4516 932 4566 mimo
943 4528 1013 4579 pone

236 4595 290 4657 θοις
303 4596 505 4659 pulchritudinem
521 4600 546 4649 et
558 4599 647 4649 bonum
664 4602 772 4665 corporis
788 4601 910 4665 nubitum,
922 4603 1012 4653 nauita·

235 4688 284 4733 tem
298 4689 322 4734 et
338 4685 516 4744 contutum.
527 4688 552 4737 in
563 4700 678 4751 eorpore3
692 4690 784 4740 miror
799 4694 913 4757 autetnet
928 4694 1013 4755 patriae

1064 4429 1142 4481 cunda
1163 4431 1288 4493 aectindln,
1306 4432 1375 4481 teriia
1394 4430 1483 4492 tertiis,
1498 4433 1583 4495 quarta
1603 4432 1705 4495 quartis.
1725 4432 1844 4490 Quodam

1064 4530 1121 4569 nero
1134 4526 1190 4567 atini
1204 4519 1291 4580 animi,
1303 4518 1413 4581 quiedam
1426 4519 1547 4581 corporis,
1559 4518 1604 4569 alia
1615 4532 1674 4569 vero
1683 4521 1842 4572 extrincecus.

1064 4607 1184 4669 Sapientia
1195 4608 1260 4658 cuim
1273 4620 1327 4671 quie
1343 4612 1379 4657 ert
1391 4606 1463 4657 animi
1481 4620 1553 4657 mura
1573 4612 1610 4658 eat
1627 4608 1734 4659 animum
1752 4610 1842 4673 optime

1065 4711 1092 4747 re
1103 4696 1205 4757 habere,
1218 4698 1294 4748 bonus
1311 4710 1368 4746 vero
1385 4696 1492 4758 inbitur,
1506 4710 1594 4761 corpur
1605 4698 1695 4762 optime
1706 4698 1841 4760 mirabere,

236 4772 371 4823 felicitatem
378 4773 552 4837 atquetiritiar
561 4774 726 4828 intererlema
735 4780 883 4831 numeranti.
892 4784 1013 4832 Bonorum
1038 4796 1042 4845 ι
1064 4785 1225 4850 quodcunque
1239 4785 1303 4835 enlm
1319 4784 1470 4835 rutilarit...
1483 4786 1524 4848 qui
1542 4786 1630 4837 lionam
1646 4792 1789 4837 consermm
1805 4790 1842 4839 eet

236 4860 422 4923 igitarerretrta
432 4876 533 4925 gurm,
545 4863 627 4913 aliaiu
643 4864 740 4927 ααίευο,
751 4866 833 4917 atinio
846 4880 956 4933 corpore,
965 4869 1011 4921 elia
1037 4846 1041 4931 ί
1066 4873 1276 4925 existimationem.
1296 4874 1389 4923 lineum
1409 4872 1473 4923 emm
1487 4872 1606 4925 bonorum
1619 4874 1780 4939 quodumrmc
1794 4878 1842 4941 pri·

133 4947 136 4952 “
235 4952 395 5001 extrinsecus.

266 5043 290 5086 5.
308 5038 373 5087 lione
386 5037 411 5087 in
426 5038 472 5088 trie
482 5038 641 5091 ‹irritantur:
656 5043 713 5091 runi
724 5040 788 5091 caim
805 5042 917 5105 αυιυθεευ
927 5058 1011 5095 eorum
1037 5042 1040 5132 ,

233 5124 322 5186 animi,
339 5124 450 5188 quiedam
467 5127 590 5192 corporis,
612 5128 657 5178 alia
674 5140 734 5179 vero
748 5128 907 5183 extrinsecos.
930 5133 1009 5184 Animi
1038 5140 1039 5173 i

233 5213 290 5258 runt
306 5210 437 5274 rapientia,
458 5212 564 5276 inrita,
587 5212 717 5276 tortitudo,
736 5214 862 5279 prudentia
883 5219 907 5267 et
922 5219 969 5271 alie
986 5221 1010 5271 id
1036 5174 1040 5271 i

1065 4975 1116 5011 ιιιαι
1131 4966 1210 5026 ουσιαι
1228 4962 1276 5025 agit
1293 4966 1318 5012 et
1334 4961 1411 5025 prima
1430 4962 1641 5025 comprehenditur
1656 4964 1797 5015 similitudo.
1815 4968 1843 5014 itt

1064 5062 1149 5099 ruram
1158 5050 1249 5111 justitia
1267 5050 1290 5099 in
1308 5050 1389 5099 animo
1404 5052 1442 5099 eri
1456 5062 1512 5113 que
1527 5053 1551 5101 et
1561 5064 1634 5102 cauae
1651 5054 1688 5103 eei
1700 5050 1784 5117 [bonu
1796 5052 1840 5103 de·

1061 5138 1206 5205 acriptionla]
1217 5138 1320 5202 partium
1331 5137 1415 5198 animi,
1427 5138 1516 5190 decem
1526 5154 1585 5191 nero
1594 5140 1739 5207 halinanoi
1753 5144 1777 5194 in
1787 5154 1843 5193 cor·

1063 5238 1122 5288 pore
1134 5229 1185 5289 ert,
1203 5224 1264 5276 bona
1278 5225 1406 5289 descriptio
1419 5228 1456 5277 eat
1467 5228 1575 5291 eorporis
1589 5228 1705 5295 partium,
1728 5226 1839 5287 triniatim
