4017 5984
188 360 249 420 136

251 490 291 541 Ἐν
304 489 324 540 δ’
338 490 398 553 ipis,
412 490 435 538 ἐν
451 489 472 539 δ’
488 487 562 547 ἀλκή,
579 487 604 537 ἐν
616 487 640 536 δὲ
651 486 771 550 κρυόεσσα
783 489 859 550 iusi,

248 563 273 611 ἐν
280 562 305 611 δι’
315 576 340 610 τι
351 560 447 623 Γοργείη
456 559 544 622 κεφαλὴ
553 559 638 608 δεινοῖο
649 559 755 621 πελώρου
764 559 802 621 (ΙΙ.
812 576 834 620 ε,
843 563 889 610 tto
898 560 956 623 ειη),

176 679 259 751 Φησὶ
272 679 294 737 δ’
309 677 357 756 ’Ap
367 673 589 747 ιστοτέληςύτι
600 672 705 751 μήποτε
719 677 789 755 ἐντῇ
804 672 895 733 α’σπίδι
909 678 956 733 οὐκ

183 765 264 839 αίτλν
292 754 348 845 εἶχε
362 764 408 834 τήν
426 761 543 843 κεφαλήν
561 764 608 834 τῆς
628 759 771 843 Γοργόνος,
788 760 878 842 ὥσπερ
897 760 956 821 οὐδὲ

181 855 230 926 τήν
236 852 320 934 ’Ἔριν
334 850 393 912 οὐδὲ
406 850 454 924 τήν
463 849 607 931 κρυόεσσαν
620 846 729 924 Ἰωνικήν,
744 848 812 909 citt
826 849 856 909 τό
870 852 900 909 ἐκ
911 855 957 922 τ’ής

181 942 310 1027 Ιἲοργιίνος
338 942 488 1021 γιγνόμενον
509 947 561 1004 τοῖς
586 940 693 1019 ἐνορῶσι
717 937 799 1005 πάθος
820 939 955 1010 καταπλη-

174 1030 281 1091 κτικόν.

224 1121 302 1179 idem
315 1120 469 1188 scholium,
483 1117 591 1176 eisdem
606 1116 664 1174 iere
674 1114 772 1174 verbis
783 1160 791 1187 ,
804 1116 840 1174 ad
849 1118 952 1194 Odyss.

180 1212 206 1279 λ,
218 1209 274 1277 631
287 1206 429 1275 occurrit,
445 1224 476 1283 p.
490 1204 559 1275 527,
578 1203 611 1259 15
625 1200 725 1274 Dind,
742 1216 771 1261 et
783 1202 890 1262 disene
902 1206 953 1263 tri-

177 1297 285 1355 'buitur
297 1292 481 1372 porphyrio,
502 1304 534 1350 ut
550 1290 656 1349 Rosius
669 1290 821 1363 observat,
840 1292 871 1349 in
889 1292 952 1351 cod.

175 1382 410 1442 vindobonensi.
436 1380 476 1439 Eo
499 1399 567 1438 usus
587 1394 631 1438 est
651 1378 818 1439 Eustathius
837 1399 954 1459 quoque

178 1494 211 1550 p.
233 1481 318 1544 1704,
340 1470 392 1547 qui
406 1489 444 1527 ex
464 1487 565 1527 errore
583 1467 619 1525 ad
631 1464 730 1537 ttisd„
754 1488 783 1545 p.
797 1468 863 1535 603,
889 1464 953 1525 ἴδιόν

180 1582 206 1616 τι
226 1559 389 1637 σύγγραμμα
402 1556 463 1636 περὶ
481 1552 579 1632 αἰγίδος
598 1554 804 1633 Aristophanis
820 1555 953 1632 Byzantii

177 1658 339 1719 niemorat,
359 1643 438 1721 quod
464 1641 623 1722 Porphyrii
644 1656 722 1713 erat,
745 1655 777 1701 ut
797 1661 834 1701 ex
854 1641 953 1701 Schoi.

180 1734 288 1793 Venss
308 1734 344 1791 ad
366 1733 402 1791 11.
423 1736 458 1808 β,
483 1740 539 1804 trip
557 1744 686 1809 apparet.
701 1730 766 1787 Non
780 1747 845 1791 eret
864 1732 953 1807 igitur

176 1847 233 1883 cur
246 1826 282 1903 de
297 1822 500 1901 Aristophanis
518 1821 637 1879 nornine
649 1820 679 1877 in
696 1820 862 1879 Aristotelis
876 1821 952 1899 apud

178 1914 360 1973 Eustothium
386 1913 404 1969 1.
433 1909 603 1969 innuendo
627 1907 767 1985 cogitaret
786 1909 949 1983 Naucirius,

183 2003 318 2078 Aristoph.
334 2006 405 2075 iifl.
414 1998 587 2074 sragrnenta
605 2017 632 2076 p.
649 1999 718 2069 273.

489 2153 523 2208 ¹3
550 2152 642 2228 (178).
704 2248 707 2254 Ι

217 2291 314 2349 Schol.
333 2290 433 2349 Venet.
452 2289 524 2348 Bari
540 2288 574 2350 li.
594 2312 624 2359 s,
648 2291 706 2360 778
724 2310 730 2345 ι
752 2292 786 2348 Ai
800 2289 827 2347 δὲ
844 2288 949 2367 βάτην,

176 2378 293 2458 τρήρωσι
320 2375 454 2436 πελειάσιν
480 2374 570 2453 ίθμαθ’
594 2378 702 2450 δμοίαι,
717 2397 749 2454 p.
774 2398 827 2450 172
853 2378 888 2450 A,
912 2379 949 2436 36

179 2466 262 2523 ttctk.
283 2487 291 2523 τ
307 2465 355 2536 τήν
367 2462 451 2543 δρμήν
468 2462 514 2521 καὶ
526 2460 575 2533 τήν
588 2465 698 2533 πτῆσιν·
712 2464 808 2521 ἄτοπον
822 2463 872 2543 γὰρ
887 2486 951 2543 τρυ-

178 2556 260 2633 ρεριῗις
284 2552 397 2633 βαδίζειν
417 2552 463 2619 τδις
480 2553 515 2619 είς
528 2552 643 2628 πολεμον
664 2550 871 2629 ἐσκιυασμίνας.
889 2550 951 2611 'At-

175 2645 237 2708 λως.
255 2642 351 2708 Καλῶς
364 2645 417 2700 τῶν
430 2640 592 2719 βουλομένων
606 2641 694 2698 λαθεῖν
704 2637 737 2697 τά
748 2638 810 2718 ἴχνη
826 2661 949 2719 περιστε-

178 2736 233 2807 ραῖς
255 2727 373 2787 εἴκασεν·
391 2731 478 2808 spart,
498 2726 550 2806 γάρ
565 2728 649 2785 αὐτῶν
666 2725 700 2785 τά
713 2726 791 2805 ίχνη,
813 2730 848 2794 ὡς
872 2725 951 2806 Ἀρι·

176 2816 342 2889 στοτίλης.
357 2815 394 2875 Ἦ
414 2816 460 2875 καὶ
474 2812 517 2874 διδ
530 2812 560 2873 τό
582 2814 710 2893 καθαρόν·
724 2814 742 2886 ἢ
756 2814 799 2873 διὰ
821 2814 850 2874 τό
868 2815 948 2895 ταχύ.

173 2894 282 2963 Eadem
294 2904 359 2965 cod.
374 2904 408 2964 L.
418 2925 450 2983 p.
464 2904 532 2977 278,
544 2904 580 2971 34
594 2902 709 2963 Bachut.
724 2924 732 2960 ε
747 2905 834 2983 αἰρανῆ
843 2902 894 2983 γὰρ
900 2905 952 2962 τῶν

174 2998 333 3073 περιστερῶν
345 2993 378 3052 τά
392 2991 473 3072 ίχνη,
488 2995 523 3058 ύις
537 2992 582 3050 καὶ
592 2990 799 3071 Ἀριστοτέλη
809 2994 910 3070 ςλέγει.

490 3140 523 3197 rr.
548 3130 636 3208 (¹79)-

215 3272 311 3330 SchoI.
321 3272 393 3332 Ven.
407 3268 477 3328 uad
491 3269 527 3330 ΙΙ.
542 3273 572 3339 ζ,
584 3272 642 3335 stt
658 3263 753 3329 ιἜνθ·
764 3260 825 3327 αὖτε
839 3270 950 3353 Γλαύκῳ

170 3361 304 3437 ’Κρονίδης
314 3354 516 3437 ρρίναςίξίλετο
523 3354 606 3427 Ζεύς,
619 3377 648 3434 p.
661 3358 728 3429 187,
740 3356 773 3428 B,
786 3358 824 3433 39
841 3358 929 3416 Beki.
942 3384 948 3416 τ

165 3548 307 3611 Gorgonis,
331 3549 413 3611 utpote
433 3558 511 3609 neque
532 3546 728 3607 coctmttocem,
740 3560 819 3611 neque
841 3552 948 3599 atrocem

174 3636 372 3693 insectationem,
394 3633 436 3685 red
460 3633 526 3683 iilum
548 3646 646 3683 sensum
668 3635 763 3697 prioris
782 3636 822 3698 qui
847 3636 949 3699 gignitur

173 3721 360 3785 adspicientibus
371 3721 488 3787 Gorgonis
496 3723 576 3784 ceput

542 3850 578 3896 ta.

203 3958 378 4007 columbarum
390 3958 488 4021 vestigii
498 3971 546 4009 uon
557 3971 673 4022 apparere
683 3958 741 4009 dicit
751 3959 900 4009 Aristoteles.

543 4094 579 4140 tt.

204 4202 253 4249 cnr
262 4199 367 4249 Giuucus
378 4198 503 4248 adducitur
520 4199 544 4248 ic
559 4198 711 4262 cupiditatem
723 4198 872 4263 permutandi
881 4212 948 4249 annu

99 4307 108 4323 ·
171 4301 245 4337 arrasa
262 4300 317 4351 qua
339 4286 399 4349 gerit
418 4300 474 4337 cum
499 4286 629 4347 Diomede,
653 4288 725 4350 poeta
747 4299 805 4337 vero
825 4292 949 4339 succenset

165 4374 238 4438 -quod
255 4388 303 4423 non
315 4375 433 4438 oportent,
446 4373 539 4424 etiamsi
556 4374 647 4423 amicus
660 4374 691 4423 sit
709 4374 742 4423 itu
761 4373 875 4437 projicere
893 4388 948 4436 qum

173 4462 272 4523 maioris
287 4462 354 4525 pretii
370 4464 462 4512 sunit..
474 4463 547 4538 θυσία
563 4474 631 4521 vero,
646 4462 722 4525 inquit
732 4460 885 4522 Aristoteles,
900 4475 948 4511 non

174 4552 299 4601 succenset
318 4549 381 4612 quod
402 4550 600 4612 projeceritque
618 4548 714 4610 majoris
732 4550 789 4599 sunt
804 4549 886 4612 pretii,
906 4549 948 4598 scd

173 4637 238 4702 quod
251 4637 276 4687 in
290 4636 352 4687 betto
363 4639 389 4687 et
398 4650 473 4705 opum
488 4636 602 4687 cundum
618 4636 648 4685 iis
659 4637 710 4686 erat
721 4636 854 4699 proieceris
868 4638 950 4699 Neque

172 4722 237 4772 enim
251 4721 330 4772 diitert
343 4734 372 4771 uc
385 4721 406 4770 si
423 4720 548 4782 abjecisset
564 4735 648 4773 arruu:
666 4726 789 4773 sumerset
805 4722 875 4787 igitur
887 4724 950 4787 quod

174 4810 273 4872 projecit
285 4810 385 4860 meliors
398 4822 446 4859 uon
465 4810 540 4873 pretio
551 4809 592 4859 red
608 4824 652 4858 usu
673 4829 678 4857 :
695 4809 740 4859 Ιιοε
752 4814 831 4861 sutem
847 4810 950 4861 indicare

174 4898 338 4960 oportebatde
351 4898 425 4963 pretio
441 4897 567 4948 dicentem.

452 5080 457 5089 ,
543 5032 580 5078 rs.

200 5158 255 5207 cnr
270 5157 539 5221 provocatisbticctore
548 5164 577 5213 sd
589 5158 706 5223 singutrre
723 5162 860 5220 cedrinos,
876 5158 951 5208 ceteri

728 355 972 417 ARISTOTELIS
993 356 1242 419 FRAGMENTA.

1015 488 1173 571 Πορρυρίου.
1188 488 1240 551 Διό
1259 489 1285 547 τί
1302 490 1380 567 θμέν
1391 492 1509 569 Γλαῦκος
1522 494 1644 573 προήχθη
1661 498 1697 564 εἰς
1710 502 1787 577 φιλο.

1012 576 1101 652 τιμίαν
1121 580 1166 637 τοῦ
1181 578 1323 638 ἀλλάσσειν
1336 575 1370 637 ri
1384 576 1454 637 ὅπλα
1468 586 1555 660 χρυσᾶ
1569 578 1632 640 ύντα
1648 584 1711 663 πρὸς
1726 592 1787 647 Διο-

1012 666 1099 742 μήδη,
1114 664 1167 725 iti
1178 664 1286 737 ποιητής
1298 668 1408 748 ἐπιτιμᾷ
1429 671 1465 733 ὼς
1483 667 1512 725 οὗ
1527 668 1596 743 δίον,
1613 672 1665 729 οὐδ’
1677 674 1700 730 εί
1715 673 1787 754 ρίλος

1012 755 1062 828 εἴη,
1071 748 1207 834 προίεσθαι
1219 752 1336 821 πλείονος
1342 752 1427 825 ύξιονς
1432 798 1485 815 .....
1493 753 1528 815 Ὁ
1541 758 1651 829 ποιητής
1661 758 1699 831 δι’,
1708 761 1787 840 φησὶν

1016 843 1264 923 Ἀριστοτέλης,
1273 841 1370 923 ούχδτι
1382 840 1415 901 rt
1427 842 1547 911 πλείονος
1559 843 1620 912 άξια
1632 844 1695 905 ὄντα
1706 849 1788 929 προή-

1014 954 1080 991 κατο
1104 932 1226 1012 ἐπιτιμᾷ,
1249 932 1308 988 ἀλλ’
1331 929 1372 989 ὅτι
1395 932 1421 989 ἐν
1448 932 1556 1013 πολέμῳ
1583 933 1629 993 καὶ
1652 934 1787 1015 χρώμενος

1011 1015 1129 1097 προίετο·
1142 1018 1214 1078 ούδέν
1229 1018 1280 1099 γάρ
1292 1018 1467 1100 ἀλλοιότερον,
1479 1019 1569 1101 ὥσπερ
1583 1020 1615 1081 διν
1630 1025 1653 1081 εί
1668 1024 1784 1085 ἐπίύελε

1010 1109 1043 1168 τὰ
1054 1110 1133 1171 δπλα.
1148 1109 1279 1187 Ἐπιτιμᾷ
1292 1101 1337 1169 σύν
1347 1109 1387 1169 ότι
1401 1108 1511 1188 κρείττω
1521 1102 1625 1191 προίετο
1637 1114 1685 1172 οὐκ
1698 1118 1734 1181 εἷς
1745 1138 1786 1173 τι·

1011 1196 1062 1273 μην
1077 1196 1137 1257 ἀλλ’
1152 1198 1188 1267 τίς
1200 1201 1309 1277 χρῆσιν·
1326 1198 1467 1277 ἀναγκαῖον
1482 1198 1509 1257 δέ
1522 1204 1599 1257 τοῦτο
1613 1201 1730 1273 δηλῶσαι
1746 1204 1782 1261 εί·

1009 1285 1091 1345 πάντα
1106 1283 1153 1357 τήν
1164 1284 1249 1355 ἂξίαν.
1259 1287 1320 1345 Pro
1334 1285 1575 1361 είπόντα,είπο’ντος
1589 1286 1638 1367 (sc.
1653 1286 1784 1371 Ὁμήρου)

1011 1377 1087 1450 conj.
1102 1376 1247 1438 Karnmer.
1260 1376 1280 1433 Ι.
1296 1375 1314 1435 Ι.
1325 1396 1356 1455 p.
1374 1376 1423 1446 45.

1327 1516 1360 1574 ιε
1383 1514 1471 1595 pso).

1049 1652 1144 1713 Schol.
1158 1655 1228 1715 Ven.
1243 1656 1267 1714 B
1284 1656 1320 1714 ad
1340 1656 1424 1717 iliad.
1445 1680 1479 1729 η,
1500 1658 1550 1733 93,
1565 1678 1592 1736 p.
1609 1667 1678 1732 aod,
1696 1660 1729 1733 B,
1746 1662 1782 1717 33

1011 1742 1108 1801 Betis
1124 1742 1284 1823 Πορρυρίσυ.
1293 1742 1346 1803 uri
1347 1743 1382 1820 ,τί
1388 1745 1601 1823 προκαλουμένου
1610 1742 1739 1826 Ἕκτορος
1749 1750 1784 1813 τίς

1010 1829 1173 1909 μονομαχίαν
1186 1834 1209 1889 οἱ
1224 1830 1271 1909 μὲν
1287 1830 1363 1891 ἄλλοι
1376 1832 1477 1912 ἄριστοι
1491 1834 1607 1893 αίδεσθεν
1622 1834 1669 1910 μὲν
1684 1835 1783 1907 ἀνήνα-

1008 1920 1079 1988 σθαι,
1089 1919 1177 1977 δεῖσαν
1188 1919 1211 1976 δ’
1220 1920 1372 1999 ὑποδέχθαι,
1382 1920 1515 1988 Μενέλαος
1525 1920 1552 1981 δέ
1563 1926 1664 1999 πρῶτος
1677 1922 1784 1983 ἀνίστα-

1008 2028 1052 2062 ται
1065 2006 1111 2063 καὶ
1135 2006 1304 2084 μεμψάμενος
1329 2005 1388 2074 τοὺς
1403 2006 1497 2075 ἄλλους
1510 2008 1672 2069 κατιδύσατο
1687 2010 1781 2091 τεύχεα

1007 2093 1093 2170 καλά,
1109 2092 1240 2172 μάχεσθαι
1254 2094 1478 2171 προθυμούμενος·
1492 2095 1534 2155 ότι
1548 2096 1575 2155 δὲ
1589 2098 1782 2177 προτραπέντας

921 2230 927 2237 .
997 2181 1030 2254 ,οἱ
1040 2180 1113 2238 ἐννέα
1125 2177 1277 2254 ἀνίσταντο,
1291 2184 1406 2258 οὐδαμοῦ
1422 2182 1499 2249 αύτὸς
1513 2183 1540 2240 ἐν
1557 2184 1657 2250 τούτοις
1667 2185 1783 2264 εύρίσκε·

1005 2291 1068 2343 ται,
1088 2270 1147 2328 ἀλλ’
1163 2268 1333 2348 Ἀγαμίμνων
1356 2270 1402 2329 καὶ
1422 2268 1556 2347 Διομήδης
1568 2271 1614 2330 καὶ
1632 2274 1656 2331 οἱ
1671 2272 1783 2341 Αἴαντες

1005 2354 1050 2413 καὶ
1061 2352 1206 2431 Ἰδομενεύς
1218 2355 1264 2414 καλ
1282 2358 1415 2435 Μηριόνης
1429 2356 1475 2415 καί
1488 2356 1639 2437 Εὐρύπυλος
1654 2358 1698 2417 καὶ
1710 2358 1780 2425 Θόας

1007 2442 1051 2586 χαί
1063 2442 1224 2550 ’Ὀδυσσυιύς
1239 2445 1314 2516 Φησὶ
1329 2444 1356 2505 δὲ
1370 2444 1632 2525 δἈριστοτέλης
1653 2446 1693 2506 ὅτι
1711 2444 1779 2514 ἅπαξ

1025 2552 1134 2597 κουσας·

1068 2658 1123 2721 μηδ’
1136 2660 1193 2711 ἔθελ’
1205 2664 1229 2718 ἐξ
1239 2663 1312 2725 ἐριδας
1322 2667 1365 2713 σεῦ
1378 2662 1481 2724 ἀμείνονι
1498 2662 1556 2724 φωτὶ
1571 2662 1688 2725 μάχεσθαι

1067 2730 1163 2794 Ἕκτορι
1174 2730 1213 2792 (ΙΙ.
1224 2749 1250 2793 η,
1266 2737 1304 2781 111
1321 2732 1363 2790 s),

1007 2842 1054 2901 οὐκ
1070 2839 1178 2917 ἔμελλεν
1205 2832 1276 2907 αύθις
1291 2840 1461 2901 ἀνίστασθαι·
1485 2842 1590 2903 καθότι
1604 2842 1634 2901 τὸ
1656 2844 1781 2924 πρότερον

1008 2930 1038 2987 ἐκ
1048 2929 1205 3009 φιλονεικίας
1218 2934 1234 3001 ἡ
1248 2930 1403 2997 ἀνάστασις·
1415 2929 1460 2989 καί
1475 2928 1514 2989 δτι
1528 2929 1579 3001 ήδη
1592 2931 1780 3009 μονομαχήσας

1007 3013 1147 3094 ἐτύγχανεν
1160 3015 1319 3097 Ἀλιξάνδρῳ
1336 3018 1381 3075 καὶ
1396 3020 1425 3075 οὗ
1448 3018 1535 3083 καλῶς
1555 3014 1723 3091 ἀπαλλάξας,
1736 3018 1781 3076 καὶ

1005 3103 1099 3161 νεωστὶ
1116 3103 1242 3183 ἐτίτρωτο
1262 3106 1314 3163 ὑπὸ
1334 3102 1489 3181 Πανδάρου·
1511 3103 1557 3161 καὶ
1577 3102 1617 3161 δτι
1639 3104 1780 3162 ἀποκινδυ-

1007 3190 1090 3249 νεύειν
1103 3196 1194 3250 τοῦτον
1209 3193 1256 3251 οὐκ
1276 3196 1373 3272 ἐχρῆν,
1394 3194 1421 3249 ἐν
1442 3183 1464 3270 ᾧ
1486 3191 1602 3257 τὸτέλος
1617 3190 1715 3271 ἤρτητο
1725 3198 1779 3253 ,τοῦ

1005 3277 1135 3361 πολέμου·
1159 3280 1203 3337 ἐπὶ
1223 3277 1274 3358 γὰρ
1289 3276 1454 3355 Ἀλεξάνδρου
1475 3275 1532 3336 ἴσον
1546 3268 1578 3348 ήν
1599 3280 1629 3335 τό
1651 3282 1696 3335 τοῦ
1719 3302 1780 3335 κιν-

1008 3364 1090 3427 tirou.

1001 3566 1086 3603 omnes
1100 3554 1223 3603 tortissimi
1241 3553 1284 3603 riri
1306 3552 1375 3603 veriti
1388 3555 1445 3602 sunt
1455 3556 1578 3603 certamen·
1590 3564 1716 3613 recusare,
1729 3564 1780 3601 me-

1001 3644 1099 3691 tuerunt
1118 3654 1176 3691 roro
1197 3641 1325 3705 suscipere.
1345 3641 1562 3691 desciscentem
1586 3641 1677 3703 primus
1698 3652 1777 3689 assur·

999 3728 1097 3779 renitet
1111 3714 1249 3793 vituperans
1260 3710 1352 3779 ceteros
1365 3728 1463 3791 poictrre
1472 3741 1538 3777 arms
1552 3726 1642 3791 induit,
1659 3726 1778 3791 pugnandi

1000 3818 1106 3869 aridus:
1126 3832 1200 3882 quum
1222 3832 1279 3867 vero
1297 3817 1392 3882 impulsi
1409 3828 1495 3868 norem
1511 3819 1710 3875 assurrexerunt.
1729 3817 1779 3878 ipse

1000 3921 1149 3971 nequaquem
1163 3910 1226 3959 inter
1237 3908 1291 3959 ilios
1306 3910 1433 3972 reperitur,
1450 3909 1491 3958 scd
1504 3912 1665 3971 Agamemnon
1678 3910 1702 3955 et
1720 3905 1778 3954 Dio·

1001 3995 1083 4045 medes
1099 3999 1123 4046 ct
1143 3997 1228 4059 Aiaces
1243 4000 1267 4047 et
1287 3995 1429 4046 idomeneus
1439 3996 1464 4045 ei
1475 3996 1609 4057 urrrypytm
1623 3995 1647 4043 et
1661 3992 1739 4042 Tirocs
1755 3996 1778 4039 ct
1817 3988 1820 3995 ’

1002 4084 1108 4146 Uiysses.
1124 4084 1186 4134 Dicit
1198 4089 1278 4134 autem
1299 4084 1438 4135 Aristotstes
1456 4082 1537 4143 ilium,
1552 4094 1626 4144 qurum
1646 4079 1718 4129 semei
1737 4090 1777 4125 ιιι-

936 4155 941 4164 ,
1000 4169 1087 4221 ‹lietiit

1053 4304 1134 4359 ttequs
1151 4304 1214 4357 retis,
1233 4314 1280 4359 prce
1296 4302 1450 4349 contmtionis
1472 4300 1562 4355 studio,
1583 4302 1604 4344 te
1621 4298 1709 4343 iortiort
1723 4308 1776 4343 etun

1610 4376 1661 4421 uiro
1674 4387 1777 4432 pugnare

1055 4494 1161 4546 Hectore,
1235 4500 1237 4505 ·

1001 4572 1108 4623 notuisse
1135 4574 1222 4623 iterum
1243 4586 1396 4636 assurgere:
1418 4570 1483 4634 prius
1508 4571 1587 4618 autem
1615 4567 1776 4617 assurrexisse

1004 4661 1172 4723 minutatione;
1190 4661 1239 4722 jam
1264 4674 1320 4711 vero
1344 4660 1411 4709 itium
1433 4655 1544 4721 singulari
1571 4655 1700 4706 certamine
1720 4668 1775 4705 curu

1002 4748 1138 4799 Aieuindro
1149 4762 1303 4812 congressum
1318 4746 1403 4809 tuisse,
1420 4758 1464 4796 nac
1482 4757 1532 4794 rem
1548 4742 1646 4794 teticiter
1658 4744 1775 4807 gessissm

1002 4851 1079 4902 nuper
1104 4851 1162 4888 vero
1182 4850 1196 4887 a
1218 4838 1325 4887 Pandaro
1343 4836 1493 4885 vulneratum
1520 4844 1586 4893 esse,
1612 4842 1656 4880 nee
1677 4831 1775 4893 oportu-

1001 4926 1050 4977 isse
1063 4926 1127 4975 itium
1140 4926 1163 4975 in
1180 4925 1284 4989 periculo
1299 4922 1388 4972 versari
1407 4934 1481 4984 τηου
1494 4920 1566 4970 totius
1580 4918 1633 4969 betti
1647 4916 1702 4967 duis
1716 4930 1774 4981 pen-

1001 5013 1086 5063 deret:
1101 5027 1155 5063 nem
1169 5012 1233 5077 quod
1247 5010 1276 5060 ad
1292 5007 1453 5059 Alexandrum
1464 5006 1587 5070 attinebat,
1600 5018 1643 5069 par
1655 5004 1705 5055 ersi
1717 5004 1776 5067 peri·

1001 5109 1091 5157 culum.
