4017 5984
231 342 291 401 290

232 469 397 529 essentiendi
413 466 498 541 ὄντες,
518 470 552 532 tlte
576 464 802 547 Ἀριστοτέλης
825 466 851 523 ἕν
868 466 1004 545 Συρακου-

232 556 442 633 σίωνῐλολιτείορ,
452 555 536 631 ὅμοιοι
544 552 676 633 τοῖςπαρδι
685 552 900 631 Λακεδαιμονίοις
916 551 1005 611 εῗλωσι

231 647 278 705 καὶ
292 645 364 725 παρὰ
379 645 526 707 Θεσσαλοῖς
540 643 677 708 πενέσταις
695 641 740 699 καλ
750 641 822 721 παρὰ
833 641 922 721 Κρησὶ
936 646 1001 701 κλα-

233 734 337 814 ρώταις.
352 732 458 789 Eadem
473 730 577 789 Suidas
591 750 615 790 s.
632 751 663 787 ν.

222 814 224 819 ’
271 819 419 878 Zenobius
433 819 521 877 Prov.
536 818 586 891 lv,
602 820 637 885 st.
654 838 661 874 τ
679 816 863 896 Καλλικυρίων
879 816 1002 885 πλείουςτ

230 908 324 975 θύτως
343 911 368 965 ἐν
390 905 572 987 Συρακούσαις
595 904 743 976 ἐκλήθησαν
767 907 790 963 ol
812 906 1004 971 ἐπεισελθόντες

232 996 377 1074 γεωμόροις
400 988 684 1073 καλλικύριοι.”Ενθεν
694 994 882 1073 παροιμεωδῶς
898 995 1003 1070 ἔλεγον,

231 1084 319 1145 tirou
334 1086 432 1155 πλῆθος
442 1082 535 1154 ἤθελον
549 1086 582 1159 ἐμ
602 1087 680 1155 ῆναι,
696 1081 736 1141 ὅτε
747 1080 851 1146 πλείους
866 1073 935 1154 ἦσαν
949 1085 1001 1139 τῶν

230 1173 417 1253 καλλικυρίων.
434 1174 528 1232 Δοῦλοι
542 1173 568 1230 δὲ
584 1106 657 1243 leur
669 1160 740 1229 οθτοε
758 1168 877 1235 καὶτοὺς
900 1168 1004 1248 κυρίους

229 1262 363 1331 ίξίόαλον.
386 1262 423 1321 Ἣ
444 1261 472 1319 δὲ
496 1260 567 1319 αἰτία
587 1264 633 1331 τῆς
656 1257 774 1329 κλήσεως
796 1258 881 1316 αὐτῶν
908 1257 952 1317 διὰ
974 1258 1005 1317 τὸ

230 1347 415 1415 παντοδαποὺς
437 1353 473 1417 εἰς
486 1350 567 1407 ταύτὸ
592 1349 722 1407 συνελθεῖν
744 1344 814 1404 ὥστε
835 1354 888 1413 τοῖς
909 1346 1005 1426 κυρίοις

230 1441 373 1517 ἐγκεῖσθαι.
396 1440 518 1497 Brevius
540 1438 703 1515 Hesychius
717 1458 740 1496 s.
761 1458 789 1495 ν.
813 1434 1002 1515 Κιλλικύριοιτ

230 1532 267 1590 Ol
291 1526 485 1594 ἐπεισελθόντες
508 1525 660 1605 γεωμόροις.
679 1526 775 1585 Δοῦλοι
798 1524 826 1584 δὲ
844 1516 912 1596 ἦσαν
933 1516 1003 1583 ούτοι

230 1614 355 1680 καὶτοὺς
377 1616 480 1693 κυρίους
501 1614 636 1686 ἐξὲὅαλον,
651 1626 697 1685 et,
720 1632 785 1671 cunr
804 1612 903 1671 eadem
924 1615 1005 1671 vocis

233 1706 343 1775 sonna,
365 1704 455 1761 altera
476 1703 572 1779 glossa
586 1702 663 1780 apud
682 1702 819 1759 Photium
835 1722 859 1761 s.
881 1722 912 1760 v.
935 1703 1003 1761 Κιλ-

231 1791 344 1871 λικύριοι
363 1812 370 1851 :
383 1791 430 1851 Ἐν
449 1789 630 1873 Συρακούσαις
643 1788 710 1855 τινὲς
722 1790 870 1861 ἐκλήθησαν
882 1834 890 1866 ,
903 1794 928 1849 ol
942 1782 999 1849 ἀντὶ

230 1883 282 1938 τῶν
297 1880 437 1959 γεωμόρων
451 1879 529 1961 μέρος
539 1877 733 1945 καταλσόόντες
743 1883 788 1937 τοῦ
802 1877 1002 1955 πολιτεύματος,

230 1959 284 2027 οἷον
310 1967 414 2034 εἵλωτες
437 1970 483 2027 καὶ
510 1968 636 2025 πενέσται
667 1965 743 2034 τινός.
773 1968 819 2027 Cf.
832 1967 909 2025 idem
925 1986 949 2026 s.
974 1986 1003 2025 v.

216 2060 392 2138 ,Κλαρῶταη
414 2057 540 2133 Etymol.
566 2056 644 2115 Gud.
666 2076 698 2133 p.
730 2056 796 2127 165,
823 2054 952 2115 Eustath.
976 2058 1005 2112 in

229 2148 265 2207 ll.
278 2168 309 2223 p.
327 2148 395 2223 295,
421 2146 469 2215 30,
490 2165 576 2221 quem
602 2144 700 2201 locum
721 2142 886 2201 emendavit
908 2142 1007 2199 liulin-

229 2234 296 2295 ten.
314 2234 350 2291 ed
364 2233 506 2291 Timaeum
523 2253 552 2309 p.
571 2240 641 2299 ²14·

531 2394 589 2449 ²⁰9
615 2372 701 2451 (ὅθι).

270 2511 367 2571 Schol.
381 2509 469 2568 Pind.
483 2508 571 2584 Pyth.
590 2506 614 2579 l,
628 2509 677 2583 89,
694 2503 777 2565 Δύτθν
794 2500 822 2561 dl
835 2500 879 2560 τόν
894 2500 1002 2581 ‘lipom

229 2602 256 2659 ἐν
272 2603 305 2678 τῇ
322 2602 374 2657 τῶν
392 2596 579 2676 Συρακουσίων
595 2594 721 2667 Πολιτείᾳ
738 2590 826 2673 (φησὶν
842 2589 876 2651 Ἀ
886 2610 998 2668 ρεστο-

230 2686 346 2761 τὲλης)
362 2683 483 2766 δυσουρίᾳ
498 2686 673 2761 δυστυχῆσαι.
688 2681 732 2740 Cl.
744 2698 833 2757 supra
854 2676 890 2736 ad
912 2676 1001 2735 Gelu·

229 2794 313 2834 orum
328 2772 560 2853 llempublicam.

538 2933 595 2971 uro
612 2910 704 2993 (582).

270 3066 372 3123 Athen.
387 3063 423 3136 X,
444 3084 475 3141 p.
494 3062 564 3133 435,
580 3060 604 3118 Ε
620 3082 627 3117 ε
645 3058 883 3138 Ἀριστοτέλης
898 3056 921 3115 δ’
934 3059 1004 3136 δντῇ

231 3151 417 3233 Συρακουσίων
431 3148 557 3227 Πολιτείᾳ
568 3146 613 3205 καλ
626 3150 740 3225 συνεχῶς
755 3144 833 3224 ρησλν
845 3144 922 3202 αύτδν
935 3144 999 3222 (τὸν

229 3238 363 3301 Διονύσιον
383 3236 427 3295 τὸν
445 3236 571 3313 νεώτερον
594 3235 679 3311 scil.)
701 3233 754 3291 ἔσθ’
775 3231 819 3289 ὅτε
839 3231 883 3290 tri
902 3232 1003 3309 ἡμέρας

229 3324 382 3395 ἐνενήκοντα
398 3321 510 3397 μεθύειν·
526 3322 565 3380 διδ
582 3321 627 3379 καί
646 3318 867 3397 ἄμύλυωπότερον
881 3318 1001 3397 γενέσθαι

229 3413 275 3479 τδις
288 3411 368 3492 ὄψεις.

270 3500 316 3559 ct.
338 3498 484 3559 Plutarch.
507 3498 541 3555 V.
565 3496 680 3569 Dionis,
700 3518 725 3555 e.
742 3518 758 3569 7
778 3512 786 3557 ε
810 3494 887 3555 Κατὰ
910 3492 1001 3573 μικρὸν

230 3594 247 3660 ἡ
260 3588 321 3667 περὶ
333 3586 363 3645 τὸ
374 3586 508 3667 μειράκιον
524 3586 609 3651 ἄνεσις
620 3584 678 3653 τοὺς
689 3583 879 3661 ἀδαμαντίνους
892 3578 1002 3657 δεσμούς

771 334 1018 395 ARISTOTELIS
1040 334 1290 396 FRAGMENTA.

1060 464 1173 533 λκείνους
1199 466 1257 546 (cf.
1282 467 1387 525 AElian.
1408 466 1475 528 Var.
1499 470 1574 529 liist.
1599 469 1658 545 vl,
1678 474 1744 553 τε),
1758 464 1797 543 οἷς
1820 479 1836 536 ὁ

1060 553 1237 633 πρεσθύτερος
1249 553 1382 621 Διονύσιος
1401 554 1451 636 ἔρη
1464 556 1606 633 δεδεμένην
1620 560 1774 621 ἀπολείπειν
1784 562 1834 631 τήν

1060 642 1223 721 μοναρχίαν,
1244 641 1347 713 ἐξέτηξε
1362 642 1407 700 καλ
1422 643 1572 723 διέφθειρεν.
1589 646 1709 728 Ἡμίρας
1719 650 1784 729 γάρ,
1798 652 1836 721 ὥς

1060 750 1155 807 φησιν,
1170 730 1324 801 ἐνενήκοντα
1337 735 1453 810 rurique
1465 731 1554 791 ἔπινεν
1569 734 1773 813 ἀρξόμενος,καλ
1783 740 1832 812 τὴν

1060 817 1185 889 αύλήνέν
1199 823 1237 900 τῷ
1247 819 1334 898 χρόνῳ
1343 818 1462 896 τούτῳ...
1486 822 1564 898 μίθαε
1578 823 1626 883 καλ
1639 824 1832 901 σκώμματα...

1060 914 1194 987 κατεῖχον.
1202 907 1246 967 Cl.
1255 909 1375 965 Aristot.
1383 908 1471 966 Polit.
1481 907 1516 982 V,
1528 912 1558 983 8,
1573 922 1619 981 il.
1631 912 1741 974 lustin.
1753 914 1832 988 xxi,

1061 1014 1090 1050 α.
1113 994 1275 1054 lleinekius
1293 996 1326 1053 in
1345 999 1470 1053 Exercit.
1486 1004 1515 1053 ιἐι
1536 1002 1721 1071 ΛεΙιοιιιειιεεει,
1737 1005 1836 1078 Speci-

1060 1089 1136 1139 mine
1152 1088 1254 1155 altero,
1268 1104 1298 1161 p.
1323 1104 1370 1159 19,
1388 1083 1514 1162 conjecit
1526 1106 1583 1163 pro
1601 1088 1756 1159 ἐνενήκοντα
1773 1092 1836 1149 An·

1062 1172 1192 1230 sioielem
1214 1172 1288 1231 lwt'u
1306 1174 1470 1250 scripsisse.
1489 1174 1535 1233 Cf.
1548 1176 1640 1251 idem,
1652 1177 1683 1235 in
1690 1184 1836 1237 Analectn·

1061 1260 1102 1313 ad
1113 1263 1292 1334 Aehenoeum,
1306 1259 1389 1339 Lips.
1408 1262 1495 1335 1867,
1513 1284 1544 1340 p.
1565 1284 1630 1340 197·

1360 1436 1415 1473 εει
1442 1417 1537 1495 (583).

1099 1550 1207 1609 Pollux
1221 1549 1272 1621 lx,
1290 1550 1326 1607 85
1344 1571 1350 1607 :
1368 1548 1454 1609 Τοῦτό
1472 1572 1503 1628 γε
1519 1546 1571 1625 μὴν
1586 1548 1633 1607 ούκ
1652 1549 1780 1630 ἄκαιρον,
1796 1550 1836 1609 ότι

1059 1637 1089 1697 τδ
1103 1635 1150 1715 μδν
1164 1636 1289 1698 Ἀττικὸν
1303 1636 1429 1696 τάλαντον
1444 1634 1622 1715 ἑξακισχιλίας
1636 1636 1742 1697 ἐδύνατο
1757 1638 1838 1719 δραχ·

1060 1724 1112 1802 μδς
1125 1724 1285 1792 Ἀττικός...
1299 1724 1341 1785 Τὸ
1351 1726 1440 1801 μέντοι
1446 1724 1584 1785 Σικελικὸν
1600 1724 1726 1783 τοίλανεον
1741 1726 1836 1805 ἐλόχι-

1061 1814 1231 1894 στονίσχοεν,
1239 1814 1269 1873 τὸ
1280 1813 1327 1891 μὲν
1338 1816 1458 1892 ἀρχαῖον,
1471 1816 1505 1881 ὡς
1515 1812 1563 1892 ’Δρ
1572 1835 1641 1872 εστο
1649 1814 1835 1892 τίληςλίγει,

1061 1902 1188 1982 τέτταρας
1207 1900 1254 1959 καί
1271 1900 1353 1960 εἴκοσι
1375 1900 1435 1968 τοὺς
1456 1900 1606 1979 νούμμους,
1631 1903 1662 1961 τὸ
1680 1902 1707 1962 δὲ
1727 1900 1836 1980 ὕστερον

1061 1991 1226 2050 δυοκαίδεκα.
1234 1988 1370 2050 Δύνασθαε
1379 1987 1407 2047 δδ
1418 1988 1463 2046 τὸν
1474 1994 1591 2067 νούμμον
1602 1989 1661 2069 τρία
1674 1989 1834 2065 ἡμεωόύλια.

1101 2080 1211 2137 Ultima
1230 2098 1267 2136 ex
1288 2077 1462 2156 Apollodori
1477 2078 1701 2137 Commentariis
1724 2080 1756 2138 in
1780 2078 1834 2136 So-

1061 2166 1451 2243 phronisllimosdesumptn
1460 2184 1523 2222 esse
1532 2165 1681 2236 videntur,
1693 2166 1731 2228 cf.
1739 2165 1836 2223 Schol.

1062 2254 1180 2323 Iliade,
1196 2254 1264 2324 576,
1280 2272 1311 2329 p.
1326 2254 1393 2323 167,
1409 2254 1447 2323 Α,
1464 2274 1479 2323 7
1496 2252 1583 2311 Beki.
1603 2273 1610 2307 ε
1627 2251 1708 2330 Παρδι
1719 2252 1746 2311 δὲ
1762 2253 1839 2312 Σικε-

1062 2339 1169 2404 λιώταις
1192 2337 1285 2414 τὸμὲν
1308 2339 1418 2416 ἀρχαῖον
1433 2338 1479 2416 (τὸ
1492 2337 1635 2415 τάλαντον)
1652 2330 1683 2409 ip
1704 2342 1775 2415 μνῶν
1796 2340 1839 2398 κδ’

1060 2434 1104 2487 νῦν
1122 2426 1149 2484 δὲ
1173 2425 1213 2504 β’.
1234 2422 1351 2484 Δύναται
1365 2424 1393 2483 δὲ
1408 2416 1474 2483 εἶναι
1496 2425 1556 2504 τρία
1571 2424 1735 2501 ἡμεωύολια,
1750 2428 1786 2490 ὡς
1809 2429 1836 2483 ἐν

1060 2515 1113 2581 τοῖς
1125 2514 1187 2592 περὶ
1197 2511 1337 2592 Σώφρονος
1354 2510 1573 2589 Ἀπολλόδωρος,
1589 2511 1640 2570 ubi
1661 2516 1732 2588 μνῶν
1746 2532 1763 2570 e
1784 2512 1833 2571 νό-

1061 2626 1117 2680 μων
1143 2615 1313 2678 corruptum
1332 2620 1396 2660 esse
1409 2614 1491 2678 putat
1505 2600 1629 2661 Alrrens.
1649 2604 1692 2657 De
1708 2604 1833 2657 dialecto

1060 2696 1173 2763 Dorica,
1190 2690 1325 2766 Gotting.
1347 2690 1421 2757 1843
1433 2711 1462 2769 p.
1479 2691 1552 2764 390,
1570 2690 1618 2747 cui
1639 2690 1709 2747 item
1723 2688 1835 2767 proba·

1059 2780 1152 2841 bilius
1166 2779 1284 2837 videtur
1298 2778 1484 2838 Aristotelem
1497 2798 1557 2835 non
1573 2782 1687 2855 νοῦμμος
1697 2777 1747 2836 sed
1758 2776 1837 2851 νόμος

1059 2867 1287 2947 scripsissetis.
1306 2868 1343 2925 H.
1369 2866 1469 2945 Steph.
1494 2865 1635 2927 Thesaur.
1660 2866 1706 2927 ed.
1736 2866 1836 2926 Didot.

1062 2979 1086 3019 s.
1101 2978 1130 3017 ν.
1141 2957 1242 3032 Νόμος,
1254 2970 1282 3014 et
1290 2956 1326 3013 de
1340 2976 1371 3014 re
1382 2955 1501 3027 Boseth,
1512 2957 1726 3032 Metrologisclre
1736 2956 1836 3013 Umor·

1059 3048 1233 3123 suchungern
1250 3065 1278 3122 p.
1299 3046 1356 3102 310
1383 3064 1449 3121 sqq.

1312 3194 1574 3254 turturinum

1361 3358 1418 3395 212
1434 3338 1527 3417 (584).

1099 3488 1204 3547 Pollux
1216 3486 1267 3558 lx,
1280 3487 1317 3543 8ο
1331 3508 1339 3544 :
1352 3484 1385 3543 ‘0
1401 3483 1429 3543 δλ
1442 3490 1595 3563 νοῦμμος...
1612 3484 1668 3543 ἔστι
1688 3485 1717 3544 δὲ
1733 3484 1834 3558 Ἐλλη·

1058 3577 1130 3637 νικδν
1155 3576 1201 3634 καὶ
1227 3578 1278 3632 τῶν
1307 3578 1334 3633 ἔν
1358 3572 1459 3655 Ἰταλίᾳ
1486 3574 1532 3633 καὶ
1560 3571 1673 3651 Σικελία
1696 3576 1833 3651 Δωριίων.

230 3756 353 3819 Gullieyrii
362 3755 386 3805 in
396 3754 596 3819 significationem
606 3753 721 3803 maximio
730 3752 857 3803 hominum
868 3749 1004 3800 multidinis
1030 3762 1033 3816 ι
1061 3745 1130 3795 mille
1153 3744 1249 3795 Atticus
1265 3742 1398 3795 drachmis
1420 3742 1561 3792 iaciebat...
1583 3740 1713 3791 Talentum
1736 3739 1836 3804 quiden

230 4018 313 4069 trudit.
325 4018 420 4069 sunites
434 4024 503 4069 erunt
514 4018 755 4069 Lacedaemoniorum
772 4016 910 4079 tielotibus,
923 4015 1002 4065 Thes-

230 4104 339 4157 salorum
350 4106 474 4167 Penestis,
488 4106 642 4157 cretensium
655 4106 770 4157 ctrroiis.

594 4230 648 4276 209.

261 4341 345 4401 ipsum
370 4338 499 4388 Hieronem
517 4337 596 4388 urium
615 4336 763 4387 difficultate
781 4336 907 4387 laborasse
929 4335 1003 4384 refert

230 4424 372 4476 iristomes
385 4426 410 4476 in
422 4428 630 4489 syracusanorum
645 4424 787 4490 Republica.

594 4550 648 4595 210.

262 4655 405 4707 Aristoteles
424 4656 449 4707 in
468 4658 677 4719 syracusanorum
688 4654 822 4720 Republica
841 4648 1006 4717 dieitutiny-

231 4746 295 4796 sium
305 4744 426 4808 juniorem
436 4756 608 4822 nonnunquum
619 4756 663 4807 per
674 4740 804 4806 nonaginta
813 4740 942 4791 oontiuuos
953 4738 1007 4790 dies

231 4830 328 4881 ebrium
352 4828 428 4878 luisse
445 4847 452 4877 ι
475 4841 553 4891 noque
570 4826 644 4877 etium
663 4824 807 4875 hebetatum
824 4822 861 4873 illi
877 4822 1006 4873 erulorum

231 4930 314 4971 usum.

587 5034 613 5080 il
621 5034 645 5080 i.

261 5140 314 5192 itoe
322 5144 406 5194 sutem
413 5154 461 5193 uon
467 5140 628 5192 omittendum
640 5137 705 5203 quod
713 5136 822 5189 Atticum
831 5134 950 5188 tumtum
959 5148 1003 5187 sex

229 3844 432 3895 κατακοιμηθεὶς
449 3848 532 3893 autem
546 3842 629 3892 vocati
641 3844 712 3903 sunt,
726 3840 793 3904 quod
807 3854 839 3890 εκ
851 3838 926 3889 variis
944 3837 1004 3888 loeis
1030 3827 1033 3881 i
1057 3835 1168 3885 Siculum
1180 3846 1256 3897 quam
1266 3831 1366 3883 minime
1379 3830 1466 3881 valuit.
1477 3833 1555 3879 Vetus
1566 3828 1680 3893 quidem,
1696 3832 1725 3878 ut
1738 3828 1835 3879 Aristo·

230 3930 408 3990 commorant,
424 3934 450 3981 et
462 3932 605 3982 Aristoteles
614 3930 640 3981 in
649 3932 859 3995 Syracusauomm
868 3926 1004 3991 itepublim
1030 3893 1034 4006 f
1058 3923 1119 3973 teies
1141 3922 1230 3984 trudit,
1251 3919 1340 3985 viginti
1362 3922 1481 3983 qunituor
1499 3931 1621 3968 nummos.
1633 3916 1759 3968 Posterius
1777 3930 1836 3967 vero

1058 4012 1196 4062 duodecim.
1211 4010 1300 4061 Valere
1312 4007 1469 4058 sutemduos
1478 4006 1563 4055 obolus
1578 4010 1604 4056 et
1612 4005 1747 4056 semissem.

1313 4122 1572 4184 immemorum.
1651 4182 1655 4189 Ι

1417 4229 1472 4274 ειν.

1088 4342 1210 4390 Nummus
1224 4351 1313 4390 tero...
1327 4352 1424 4403 grecus
1433 4341 1471 4389 est
1483 4341 1508 4389 et
1517 4336 1672 4387 portensium
1683 4334 1710 4384 iu
1727 4332 1798 4384 ttulit
1809 4340 1836 4387 et

1057 4426 1453 4492 SicilirAEpiehanuusenimiliius
1459 4421 1834 4487 mentionomtocitinxsspoe...

1058 4518 1085 4566 et
1098 4515 1242 4565 Aristoteles
1253 4514 1279 4565 in
1296 4515 1484 4565 Tarentinorum
1494 4510 1626 4575 Republica
1634 4512 1759 4559 monetam
1768 4510 1833 4575 apud

1058 4606 1102 4644 eos
1119 4593 1236 4658 appetisti
1249 4608 1378 4644 nummum
1393 4592 1467 4654 dieii,
1482 4590 1570 4653 inquo
1588 4601 1695 4637 excusus
1709 4592 1747 4647 est
1757 4589 1835 4638 Tarus

1059 4682 1163 4747 Neptuni
1172 4682 1253 4745 fliius,
1267 4682 1382 4747 delphino
1393 4680 1508 4731 insidens.
