4017 5984
890 397 1113 461 blvlsloliiis.
1753 410 1811 471 γορ

202 522 464 630 μένγμὴγένδίχιται,
477 528 620 605 μετασχεῖν
636 526 659 584 δ’
671 526 758 585 αιἰτῶν
769 526 915 607 ἐνδέχεται·
927 520 980 589 οἷον
1034 522 1086 591 οἷον
1095 529 1128 591 τά
1140 531 1328 612 ἀποόησόμενα
1342 534 1503 614 ἀμρενίζειν,
1515 535 1564 595 ότι·
1579 564 1592 591 ι
1605 536 1703 617 Ὁρᾶτε
1715 535 1752 616 μὴ
1765 539 1810 599 ἐάν

202 614 315 720 αὖτοητο
330 611 429 720 ἀγαθδν
443 610 513 722 ἐχειν
527 612 576 691 μίν
587 616 634 673 οὐκ
646 612 789 694 ἐνδέχεται,
801 625 943 696 μετασχεῖν
958 616 981 675 δ’
1034 620 1248 681 ἐπιπλευσάντων
1262 622 1395 701 πολεμίοιν
1415 622 1476 695 ἤτε
1500 623 1575 704 χόιρα
1590 627 1722 697 ἀπόληται
1737 630 1811 704 θμῶν

202 704 280 761 αὐτου
297 700 443 782 ἀνδιχεται.
473 702 605 781 Υπαριιτά
620 701 648 761 δδ
670 701 720 762 όσα
748 703 816 781 μήτε
837 714 980 785 μετασχεῖν
1034 706 1080 766 καί
1093 706 1127 767 τά
1145 707 1259 784 σώματα
1272 708 1307 771 τά
1323 708 1409 771 πολλά
1425 711 1511 788 μάτην
1523 714 1666 795 διαφθαρῇ,
1678 714 1724 774 καλ
1738 718 1812 785 ὑμεῖς

202 788 271 867 μήτε
286 788 358 936 ἐχειν
371 788 518 869 ἀνδίχεται,
530 791 658 871 ὑπάρχειν
671 791 700 851 δὲ
714 794 769 851 δεῖ·
780 784 835 851 οἷον
848 794 880 854 τὸ
893 816 980 853 σπου-
1035 794 1072 871 μὴ
1088 797 1162 855 οὐδὲν
1180 790 1258 869 ἦττον
1277 800 1458 877 ἀναγκασθῆτε
1477 805 1561 860 ταῦτα
1586 778 1710 881 πράττιιν
1727 778 1811 863 frio

200 880 273 938 δαῖεν
287 901 355 937 εναι
370 877 465 955 ἀγαθδν
477 878 522 937 ιιαλ
544 878 644 937 δίκαιον
655 868 724 939 εΙναί
737 882 803 943 ἐστι.
818 882 875 943 Καὶ
897 890 980 943 ταῦτα
1034 880 1175 958 ίστινθμῖν
1185 884 1231 943 sui
1246 886 1387 953 ἀκινδύνοις
1403 888 1565 964 πράττειν.»

200 966 260 1026 οὔτε
279 970 422 1045 μετασχεῖν
436 965 493 1026 οότι
508 966 579 1047 ἐχειν
594 968 654 1027 ἀλλ’
662 968 791 1049 θπάρχειν
807 970 846 1029 δεῖ
855 970 886 1029 τδ
895 993 978 1030 σπου-
1075 971 1164 1035 XXX.
1180 974 1267 1051 Diog.
1286 973 1380 1033 Laeti.
1400 975 1454 1043 ΙΙΙ,
1472 996 1525 1050 ¹07
1542 975 1597 1037 εἮ
1614 976 1687 1059 φωνὴ
1706 978 1813 1055 διαιρεῖ·

201 1057 274 1115 δαῖον
281 1045 349 1114 εἶναι
362 1053 409 1115 καί
422 1053 522 1115 δίκαιον
532 1045 612 1119 εῖναι.
623 1059 685 1118 Τῶν
699 1061 804 1138 ἀγαθῶν
815 1057 868 1138 ἀρα
881 1057 915 1117 τά
930 1058 978 1137 μίν
1033 1080 1077 1117 ται
1096 1064 1133 1127 εΙς
1147 1059 1207 1120 δίιο·
1221 1059 1249 1121 ἐν
1268 1060 1316 1139 μίν
1335 1064 1417 1132 αὐτῆς
1430 1066 1501 1121 ἐστιν
1519 1064 1650 1143 ἔμψυχον,
1664 1063 1691 1123 ἓν
1705 1065 1730 1123 δ’
1744 1065 1811 1146 ἀψυ-

200 1146 272 1203 ἐστιν
281 1143 357 1219 ῖιιτά,
373 1143 406 1202 τά
422 1142 450 1203 δά
464 1145 590 1223 μεθεκτά,
604 1144 638 1204 τά
652 1144 680 1205 δὲ
694 1146 827 1227 ὑπαρκτά.
1033 1167 1089 1224 χον.
1104 1144 1248 1229 Ἐμψυχον
1272 1146 1319 1227 pir
1337 1152 1353 1219 ἡ
1376 1152 1428 1207 τῶν
1447 1149 1520 1228 ζῴοιν
1544 1151 1633 1223 αωνη,
1654 1150 1755 1232 ἄψυχον
1781 1153 1809 1211 δὲ

239 1232 343 1295 XXIX.
367 1232 453 1310 lliog.
474 1234 571 1296 Luem
590 1234 650 1307 ΙΙΙ,
674 1239 758 1295 τοδε
779 1235 979 1314 Ἧωμὸωλίο
1035 1233 1141 1314 φθόγγοι
1162 1234 1209 1294 καί
1234 1227 1307 1317 ἦχοι.
1329 1240 1387 1305 Τῆς
1405 1242 1451 1297 τοῦ
1475 1212 1595 1319 ἐμψύχου
1616 1245 1702 1311 οωνῆς
1724 1247 1741 1313 ἡ
1765 1242 1812 1302 υίν

199 1322 338 1401 διαιρεῖται
351 1322 387 1388 είς
396 1320 470 1402 τρία·
483 1324 541 1383 ἔστι
552 1322 604 1404 γάρ
619 1324 700 1395 αὐτῆς
713 1323 742 1383 ἐν
756 1323 804 1401 μέν
816 1326 847 1385 ἐκ
860 1329 912 1385 τῶν
926 1350 980 1386 πα-
1036 1323 1106 1381 ἐστιν
1120 1323 1320 1405 ἐγγράμματος,
1334 1328 1352 1396 ἡ
1367 1324 1395 1383 δά
1413 1324 1595 1406 ἀγράμματος.
1609 1300 1813 1407 Ἰἶγγράμμάτος

200 1410 359 1490 ροιχομίνων
375 1411 477 1491 χρόνων
490 1412 701 1493 λαμόενόμενον,
715 1413 743 1473 ίν
761 1416 784 1473 δ’
798 1416 830 1474 ἐκ
841 1418 894 1475 τῶν
913 1418 978 1493 μελ-
1035 1410 1084 1489 pb
1105 1416 1123 1485 ἡ
1141 1414 1193 1472 τῶν
1218 1412 1372 1494 ἀνθρώπιον,
1387 1414 1560 1493 ἀγράμματος
1579 1415 1602 1473 δ’
1619 1418 1637 1488 ἡ
1662 1418 1716 1474 τῶν
1731 1412 1812 1485 ζῶοιν.

198 1499 305 1572 λόντων,
323 1500 351 1561 ἓν
366 1498 389 1557 δ’
407 1503 438 1560 ἐκ
456 1503 509 1561 τῶν
523 1501 681 1561 ἐνεστώτων.
696 1502 740 1563 Ti
762 1501 810 1581 μίν
824 1497 868 1563 οδν
883 1506 979 1563 ἐκτῶν
1034 1500 1092 1569 Τῆς
1105 1499 1157 1578 ἀρα
1172 1504 1287 1580 φωνῆςὴ
1303 1500 1350 1578 μὲν
1367 1500 1510 1583 ἐμψυχοςὴ
1524 1502 1551 1561 δδ
1563 1501 1672 1583 ἄψυχος.
1753 1474 1760 1499 ⁵

199 1587 400 1668 παροιχομένων
410 1588 630 1668 παραδείγματα,
640 1582 693 1651 οἷον
704 1590 728 1649 τί
739 1590 835 1650 όπαθον
850 1592 980 1653 dmin·-
1073 1587 1145 1649 Cod.
1157 1588 1248 1649 Marc.
1262 1598 1299 1657 nt
1320 1612 1329 1647 ι
1347 1593 1495 1669 Διαιρεῖται
1508 1593 1526 1661 ἡ
1543 1590 1616 1669 φωνὴ
1628 1592 1665 1660 είς
1675 1588 1806 1669 τίοσαρα·

199 1676 283 1752 μόνιαι
296 1677 574 1745 πιστεόσαντες·τάδ’
584 1681 615 1738 ἐκ
626 1682 679 1738 τῶν
690 1679 839 1759 παρόντων,
852 1671 904 1739 οἷον
915 1682 980 1739 ἀπο-
1034 1675 1090 1733 ἔστι
1103 1675 1155 1755 γάρ
1171 1678 1250 1749 αιἰτῆς
1268 1682 1286 1750 ἡ
1300 1675 1348 1755 μέν
1366 1676 1494 1757 ἔμψυχος,
1508 1682 1525 1749 ἡ
1539 1677 1568 1737 δὲ
1587 1678 1704 1759 ἄψυχος,
1727 1676 1773 1737 καί
1793 1685 1810 1751 ἡ

199 1765 299 1844 φαίνειν
317 1765 395 1845 τείχη
416 1768 524 1849 ἀσθενῆ,
540 1766 638 1835 δειλοὺς
654 1766 816 1848 ἀνθρώπους,
831 1776 903 1827 σῖτον
924 1767 981 1827 dit·
1036 1760 1083 1839 μδν
1098 1764 1144 1822 καὶ
1165 1765 1363 1845 ἐγγράμματος,
1380 1769 1398 1837 θ
1418 1766 1446 1825 δὲ
1461 1766 1642 1846 ἀγράμματος.
1662 1764 1741 1827 Ἔστι
1754 1767 1812 1839 δέή

199 1876 261 1930 γον·
280 1853 315 1912 τά
327 1855 350 1912 δ’
365 1858 396 1915 ἐιι
412 1856 464 1913 τῶν
482 1854 645 1933 μελλόντων,
660 1846 712 1915 οΙον
727 1864 784 1924 ταῖς
795 1855 926 1923 ὑπονοίαις
942 1856 980 1933 μὴ
1035 1850 1083 1927 μὲν
1098 1850 1217 1933 ἔμψυχος
1233 1856 1316 1923 ἡτῶν
1335 1851 1450 1935 trioni,
1468 1856 1495 1914 δῖ
1508 1853 1608 1935 άψυχος
1625 1846 1678 1915 οἷον
1692 1847 1753 1934 ἦχοι
1766 1859 1819 1914 καλ

199 1943 298 2001 ἀδικεῖν
314 1942 361 2009 τάς
373 1942 526 2024 πρεσόείας,
540 1940 611 2014 όπως
631 1943 672 2021 μὴ
687 1943 806 2017 ἀδοξοςη
822 1942 921 2011 Ἐλλάς
933 1944 980 2022 γί-
1035 1937 1114 2021 ψόφοι
1127 1941 1204 2013 καλὴ
1223 1944 1271 2013 τῆς
1283 1939 1363 2023 λόρας
1385 1940 1431 2001 καὶ
1446 1945 1498 2001 τῶν
1520 1942 1607 2001 ἀλλων
1625 1942 1677 2023 [un
1689 1944 1811 2023 αὐλῶνί]

200 2054 287 2103 νηται.
303 2033 361 2101 Τῆς
375 2030 428 2111 ἀρα
441 2031 648 2107 συμόαιλίαςτδι
668 2032 716 2111 μίν
730 2034 799 2093 ἐστιν
814 2034 907 2093 ἐκτῶν
922 2057 980 2093 πα-
1035 2027 1119 2107 porri·
1130 2028 1177 2089 καί
1185 2027 1372 2175 ἐγγράμματος
1381 2028 1453 2105 μὲνὴ
1465 2033 1517 2089 τῶν
1527 2030 1670 2111 ἀνθρώπων
1688 2030 1760 2110 φωνὴ
1767 2032 1813 2090 nul

201 2118 369 2199 ραιχομίνων,
397 2118 432 2179 τά
451 2120 476 2179 δ’
497 2121 529 2180 ίιι
543 2122 596 2179 τῶν
609 2120 766 2202 παρόντων,
790 2122 824 2181 ri
837 2124 861 2181 δ’
880 2124 910 2181 ἐκ
928 2124 980 2181 τῶν
1036 2112 1110 2194 ζῴων
1129 2118 1207 2175 πινῶν
1224 2139 1278 2176 οον
1293 2117 1422 2189 ἀηδόνων,
1441 2116 1593 2195 χελιδόνων,
1609 2120 1749 2196 στρουθίων
1769 2117 1813 2176 καὶ

198 2207 359 2279 μελλόντων.
1034 2204 1237 2281 τῶντοιούτων,
1253 2203 1426 2287 ἀγράμματος
1440 2204 1498 2277 δίη
1512 2205 1646 2274 ἀδίαθιτος
1660 2208 1695 2272 ὥς
1706 2208 1731 2264 οἱ
1747 2228 1815 2265 ποτ·

238 2292 310 2353 cod.
323 2293 414 2355 Marc.
431 2297 467 2355 ιθ
481 2313 489 2356 2
503 2296 676 2375 Διαιρεῖταιὴ
692 2294 841 2374 συμόουλία
854 2297 890 2363 εἷς
902 2294 979 2375 τρία·
1034 2294 1134 2369 πυαμοΙ
1148 2292 1194 2353 asni
1211 2283 1273 2373 ἦχοι
1286 2294 1332 2353 καλ
1341 2293 1420 2374 ψόφοι
1431 2292 1478 2352 καὶ
1487 2290 1649 2355 τὰτοιαῦτα.

199 2380 256 2440 ίστι
268 2382 320 2462 γάρ
337 2383 417 2455 αὐτῆς
425 2381 454 2442 ἀν
469 2381 517 2460 pir
529 2384 559 2442 ἀει
576 2388 628 2443 τῶν
641 2382 856 2464 παρῳχημένων,
868 2381 897 2441 ἓν
908 2382 937 2441 δὲ
950 2385 980 2442 ἀει
1073 2379 1175 2443 XXXl.
1189 2382 1277 2459 Diog.
1294 2381 1388 2441 laert.
1402 2379 1442 2443 ill
1459 2402 1511 2455 107
1530 2404 1537 2439 ι
1553 2384 1614 2442 Τῶν
1623 2380 1706 2443 όντων
1720 2382 1753 2440 nd
1765 2380 1813 2459 μίν

199 2473 251 2529 τῶν
269 2470 417 2550 παρόντοιν,
434 2470 461 2530 δν
477 2472 506 2534 δέ
531 2472 563 2533 ἐιι
577 2476 629 2531 τῶν
644 2473 801 2545 μελλόντων.
815 2475 854 2534 Τὸ
868 2470 920 2548 μέν
935 2463 979 2531 οδν
1035 2472 1091 2529 ῖατι
1109 2470 1238 2549 μεριστά,
1255 2468 1289 2530 τά
1305 2472 1328 2530 δ’
1348 2469 1490 2551 ἀμέριστα.
1504 2471 1611 2532 Τοότων
1627 2469 1654 2529 il
1673 2474 1725 2530 τῶν
1738 2494 1813 2551 μερι-

199 2560 230 2617 διι
247 2560 299 2617 τῶν
314 2558 517 2639 παρῳχημένων
539 2561 610 2620 ἐστίν
625 2552 680 2622 οἷον
703 2560 738 2621 τά
759 2560 977 2641 παραδείγματα,
1034 2562 1104 2619 ατῶν
1123 2558 1157 2618 τδι
1172 2560 1220 2636 μΙν
1239 2562 1394 2637 ὁμοιομερῆ,
1410 2557 1445 2618 τδι
1465 2560 1490 2618 δ’
1511 2561 1697 2639 ἀνομοιομερῆ.
1714 2558 1812 2639 ’ἀμερῆ

200 2644 240 2705 δτι
253 2644 298 2705 ιιαΙ
312 2646 440 2725 πρότερον
461 2650 537 2723 ἡμῶν
558 2648 747 2721 ἀπειθήσαντες
765 2649 918 2721 ἀνηκέστοις
930 2671 978 2709 κα·
1036 2646 1083 2723 pir
1095 2636 1140 2706 οάν
1150 2647 1221 2707 ἐστιν
1229 2644 1278 2706 ὅσα
1291 2646 1328 2725 μὴ
1344 2646 1399 2728 ἔχει
1411 2645 1536 2726 διαίρεσιν
1551 2648 1614 2725 μηδ’
1629 2646 1735 2713 ἐκτινος
1746 2644 1810 2723 σόγ·

200 2735 255 2798 κοῖς
268 2732 443 2810 περιίπεσαν·
457 2732 488 2792 τδ
500 2732 527 2793 δδ
543 2736 574 2793 ἐκ
586 2737 638 2795 τῶν
650 2736 787 2815 παρόντων
807 2726 860 2794 οἷον
872 2732 906 2795 τά
926 2758 979 2793 πα·
1035 2758 1139 2809 ιιειται,
1156 2728 1210 2795 οἷον
1226 2736 1244 2808 ἦ
1257 2758 1287 2795 τε
1301 2736 1381 2813 μονδις
1395 2735 1441 2794 καί
1453 2738 1470 2806 ἡ
1485 2735 1584 2809 στιγμὴ
1604 2734 1649 2794 καί
1662 2738 1677 2795 θ
1688 2735 1811 2814 φθόγγος·

200 2818 280 2898 ρόντοι
292 2819 441 2900 πράγματα
455 2820 616 2900 ἐμφανίζειν,
630 2820 671 2881 δτι
694 2821 740 2882 ili
759 2822 793 2881 τδι
809 2823 886 2902 τείχη
902 2826 979 2900 ἡμῶν
1035 2823 1149 2903 μιριστά
1160 2824 1183 2882 δ’
1194 2822 1244 2882 ὅσα
1258 2822 1289 2881 lx
1302 2844 1371 2889 τινος
1378 2822 1524 2901 σόγιιειται,
1534 2812 1586 2881 οἷον
1598 2820 1628 2880 αῖ
1639 2844 1668 2880 τε
1682 2820 1813 2880 συλλαόαῖ

200 2906 422 2966 ἀκατασκεόαστα
437 2896 545 2967 ἀισιιιαλ
558 2908 741 2985 ἡμεῖςάοπλοι
750 2899 836 2988 ὦμεν,
852 2914 877 2969 oi
891 2908 918 2969 it
931 2933 979 2969 πο·
1035 2913 1080 2971 ιιαλ
1107 2909 1256 2989 συμφωνίαι
1274 2909 1322 2969 καλ
1340 2911 1396 2988 ζῷα
1415 2908 1461 2969 ιιαΙ
1476 2906 1545 2989 ὕδωρ
1567 2907 1613 2967 καλ
1629 2907 1734 2988 χρυσός.
1761 2909 1813 2969 Καὶ

200 2998 288 3075 λε’μιοι
304 2996 389 3057 δίπαοι
403 2995 504 3065 τούτοις
518 2998 775 3077 κατεαιιευαομίνοι·
791 3003 932 3076 σκοπῶμεν
946 2998 979 3069 δὴ
1034 3002 1178 3078 ὁμοιομερῆ
1192 2997 1240 3076 μθν
1253 2997 1303 3057 όαα
1312 2996 1339 3066 ἐξ
1351 2995 1448 3073 ὁμοίων
1458 2994 1592 3074 σύγκειται
1605 2994 1650 3054 καλ
1665 2992 1745 3071 μηδὲν
1757 2995 1814 3053 δια·

202 3084 273 3153 ὅπως
288 3089 414 3163 πολεμεῖν
430 3088 610 3164 δυνησόμεθα·
628 3088 699 3147 eiii
714 3092 745 3149 ἐιι
763 3091 816 3148 τῶν
831 3086 980 3164 μελλόντων
1035 3087 1108 3168 ρίρει
1134 3088 1165 3146 τὸ
1182 3086 1241 3145 όλον
1257 3090 1303 3145 τυῖι
1324 3084 1418 3165 μίρους
1434 3086 1457 3143 εἰ
1473 3082 1511 3162 μὴ
1532 3087 1570 3163 τῷ
1584 3083 1695 3152 πλήθει,
1708 3072 1760 3141 οἷον
1782 3083 1813 3141 τδ

231 3274 320 3323 xliiii.
336 3273 468 3324 consilium
480 3273 627 3338 tripurtitom
642 3274 681 3324 est
695 3294 702 3324 ι
715 3273 779 3325 aliod
792 3274 879 3338 quippe
891 3286 906 3323 a
919 3286 982 3339 ρεισ-
1034 3270 1171 3320 ἰιιιιιῖιιιαῖε.
1192 3268 1300 3319 animata
1314 3266 1410 3331 quidem
1422 3266 1595 3327 animantium,
1609 3264 1738 3315 inanimata
1757 3276 1813 3314 τετυ

200 3361 284 3421 terito,
300 3360 390 3411 atiuds
406 3362 501 3439 tutup),
516 3362 578 3412 aliud
593 3362 735 3426 sprsnseuti
748 3364 857 3426 tempore
868 3360 980 3411 sumitur.
1035 3358 1088 3408 soni
1108 3359 1132 3407 ei
1148 3356 1271 3420 strepitus.
1287 3358 1364 3406 Porro
1380 3356 1485 3405 aninna
1498 3354 1607 3404 bituriam
1626 3352 1739 3401 dividitur
1755 3372 1762 3401 :
1779 3352 1814 3399 al·

201 3450 353 3501 Praeteritum
363 3452 460 3514 ternpus
471 3452 580 3514 exempla
591 3450 742 3514 suppeditat,
756 3449 832 3500 retuli
844 3449 901 3513 quid
917 3451 982 3513 passi
1035 3448 1086 3497 tera
1097 3445 1162 3496 euim
1176 3444 1266 3509 concipi
1281 3443 1366 3495 litteris
1380 3444 1475 3507 potest,
1486 3444 1559 3493 attera
1570 3453 1621 3492 uon
1630 3441 1707 3505 potest
1718 3458 1724 3488 :
1735 3439 1813 3503 potest

202 3537 250 3588 sint
274 3538 448 3588 Ιωυοθωιινοπῖῖ
465 3538 537 3588 tidem
556 3538 688 3600 babentes;
710 3540 913 3602 praeconantem
931 3550 982 3587 rem
1036 3532 1133 3595 quidem
1142 3530 1267 3583 bominum
1281 3544 1340 3592 τοι,
1360 3544 1409 3581 nou
1419 3532 1497 3595 potest
1510 3530 1658 3579 animalium.
1672 3530 1726 3577 vox
1742 3526 1813 3589 igitur

201 3625 279 3689 ipsam
295 3640 351 3690 qun
363 3626 388 3676 in
403 3625 515 3676 manibus
528 3628 566 3677 est
576 3627 730 3678 considerare
745 3629 841 3688 monet,
858 3628 916 3691 puta
933 3626 980 3675 im·
1034 3620 1080 3671 aiis
1093 3620 1196 3671 animata
1207 3620 1258 3683 est,
1274 3620 1319 3669 alia
1331 3619 1469 3669 inanimata.

202 3712 300 3765 baciles
314 3724 408 3775 moros,
419 3714 530 3765 bomines
547 3714 660 3775 timidos,
675 3727 778 3765 annonto
790 3715 922 3766 osrihtem.
935 3717 980 3764 Fu·
1066 3706 1457 3773 at.vosinqnsttnondividitnr:
1470 3705 1516 3754 aiia
1527 3704 1591 3753 enim
1600 3700 1812 3763 estanimnia‚aiia

203 3806 285 3854 turum
303 3802 439 3867 prospicere
457 3802 556 3865 suadet,
568 3805 596 3854 ut
615 3804 701 3854 sinon
714 3817 769 3855 esse
787 3804 911 3854 violandas
924 3803 980 3855 dici·
1035 3796 1173 3859 inanimata,
1183 3798 1207 3847 et
1225 3795 1272 3845 ulia
1288 3794 1377 3857 concipi
1392 3792 1479 3843 litteris
1496 3794 1589 3853 potest,
1604 3789 1648 3838 alia
1660 3802 1708 3837 non
1725 3789 1811 3851 potest.

203 3906 261 3943 mus
276 3891 413 3956 suspicione
424 3891 567 3955 iepiioncs,
587 3904 621 3942 ne
636 3892 840 3955 etcorporum
852 3891 983 3941 honestatis
1036 3884 1148 3933 Animata
1159 3884 1197 3933 eat
1208 3882 1364 3931 animantium
1374 3917 1382 3941 ‚
1391 3880 1519 3929 inanimata
1531 3891 1588 3926 rero
1601 3875 1714 3939 strepitus
1724 3877 1748 3924 et
1760 3872 1812 3923 soni

203 3986 310 4038 amittat.
327 3982 433 4033 (tonsilia
455 3980 528 4044 igitur
538 3979 665 4041 οιρῖυιεῖυτ
676 3979 723 4029 alin
741 3992 772 4030 an
783 3979 926 4042 praeteritis,
937 3978 983 4028 utin
1036 3974 1061 4022 ct
1075 3972 1134 4035 iyrae
1154 3970 1304 4033 aliorumque
1315 3968 1415 4018 sonitus.
1434 3966 1528 4016 Litteris
1541 3964 1631 4027 concipi
1647 3964 1725 4026 potest
1737 3960 1812 4010 bomi-

205 4083 235 4120 ex
249 4068 422 4133 praesentibus,
437 4066 483 4117 slis
496 4082 527 4117 ex
541 4068 641 4119 tuturis.
1037 4074 1095 4111 num
1111 4062 1135 4111 et
1153 4058 1302 4122 quorundam
1319 4055 1466 4116 animalium,
1481 4056 1507 4103 ut
1524 4052 1691 4112 lusciniarum,
1702 4047 1811 4099 birundi-

222 4165 258 4210 to.
273 4157 407 4210 consitium
420 4156 501 4207 iutrin
517 4156 635 4206 dividitur
647 4175 653 4206 ι
665 4155 731 4205 sltud
743 4155 807 4206 enim
820 4168 834 4204 a
848 4156 982 4219 preterito,
1036 4161 1109 4207 uum,
1131 4158 1256 4209 passerum
1273 4148 1295 4194 et
1312 4142 1441 4203 similium
1458 4140 1551 4203 concipi
1571 4142 1713 4189 autemnon
1734 4137 1811 4198 potem

204 4246 293 4295 aiioda
309 4244 431 4307 presenti,
445 4243 509 4293 aliud
521 4256 535 4291 s
545 4242 625 4292 tuturo
635 4246 746 4305 ternpore
760 4241 872 4292 sumitur.
886 4240 983 4300 Quodn
1037 4234 1121 4285 litteris
1136 4231 1293 4295 incomposita
1305 4243 1361 4291 ros,
1376 4232 1403 4279 ut
1423 4226 1563 4292 ρορργειιιί,
1579 4224 1709 4288 strepitus,
1722 4223 1773 4271 soni
1788 4225 1813 4271 et

205 4334 327 4398 prssterito
352 4335 460 4395 tempore
481 4330 594 4391 sumitur,
614 4319 724 4393 exemplat
744 4316 848 4392 praebet,
871 4340 913 4378 eos
942 4328 983 4390 qni
1036 4320 1140 4385 qnaebis
1152 4318 1238 4370 cimilia
1250 4322 1314 4368 sunt.

205 4423 262 4473 olim
274 4421 344 4472 nobis
359 4434 407 4471 uon
417 4418 557 4470 obedientes
565 4417 653 4477 tuerint
663 4417 689 4467 in
702 4416 859 4467 intolerabilis
869 4416 934 4466 main
946 4416 983 4465 in·
1067 4410 1141 4459 xllx.
1152 4410 1240 4457 Eorum
1248 4420 1302 4469 quau
1317 4408 1373 4455 sunt
1386 4404 1431 4453 alia
1442 4402 1552 4462 dividua,
1563 4401 1608 4451 rba
1617 4399 1739 4451 indirldoa
1751 4398 1811 4453 dici·

203 4511 308 4563 cidisse:
323 4510 387 4571 cuod
400 4506 549 4572 aprunculi,
563 4519 602 4556 res
615 4507 682 4569 ipsas
700 4504 822 4554 declarare
837 4506 933 4564 mouet,
956 4506 983 4553 ot
1037 4510 1099 4548 mim.
1114 4494 1272 4546 Dividuomm
1279 4506 1337 4542 τετυ
1345 4489 1390 4541 slis
1399 4492 1455 4540 suot
1463 4490 1575 4539 similium
1585 4488 1696 4550 partium,
1709 4486 1753 4536 alin
1762 4485 1812 4531 ‹lir-

206 4599 226 4650 si
240 4598 315 4649 nostri
325 4596 389 4648 mori
402 4610 451 4646 non
466 4595 541 4659 parati
559 4594 609 4644 sint
624 4596 649 4643 ct
658 4606 703 4643 nos
716 4592 761 4656 ipsi
770 4592 888 4651 inermes,
900 4590 983 4639 bootes
1037 4587 1158 4636 similium.
1175 4587 1254 4647 Atque
1275 4580 1399 4632 indiuidua
1410 4578 1509 4643 quidem
1531 4580 1589 4627 sunt
1599 4587 1656 4640 quas
1669 4572 1811 4624 divisionem

206 4700 264 4738 rero
278 4687 344 4738 bisce
356 4684 468 4736 omuibus
485 4683 576 4746 ornati,
592 4680 793 4732 considerandum
808 4681 846 4729 est
862 4676 983 4742 quomodo
1037 4690 1086 4727 non
1104 4674 1269 4742 admittunt,ei
1287 4668 1472 4734 simplicianum
1487 4665 1698 4730 neqneexaiiquo
1716 4672 1811 4721 compo·

207 4776 295 4827 betium
312 4774 396 4825 tacturi
416 4772 503 4823 εἰειιιεε.
522 4771 591 4830 Quod
611 4784 670 4820 rero
683 4782 697 4819 n
712 4769 792 4818 tuturo
804 4769 883 4818 estex
897 4767 983 4816 erentu
1037 4764 1097 4827 sita,
1116 4765 1143 4814 ul
1163 4761 1255 4821 unitus,
1274 4760 1388 4823 puuctum
1409 4768 1437 4805 ac
1453 4768 1536 4805 εοεαε.
1557 4752 1659 4803 Dividos
1675 4762 1734 4801 rcro
1754 4758 1811 4809 quai

206 4862 320 4925 declarat,
335 4863 379 4912 ut:
395 4879 408 4903 ιι
424 4860 511 4910 Videte
529 4872 573 4919 ne,
592 4856 628 4918 si,
647 4854 844 4919 admrignntibos
860 4853 984 4912 hostibus,
1038 4854 1094 4903 suni
1117 4864 1146 4902 ex
1165 4850 1246 4912 aliquo
1261 4846 1411 4911 composita,
1431 4847 1459 4895 ut
1481 4842 1580 4907 syllabae
1593 4843 1617 4891 et
1636 4836 1811 4895 consonantiae,

207 4952 272 5016 regio
286 4953 366 5001 νοεῖτε
379 4952 472 4999 ructata
488 4945 535 4997 erit
550 4949 575 4997 et
594 4944 671 4995 molta
684 4954 785 5007 corpora
804 4941 893 4991 iunctm
906 4940 984 5003 perte·
1038 4942 1185 5001 animantes,
1205 4950 1267 5000 aqua
1279 4938 1303 4986 et
1313 4948 1407 4985 surum.
1423 4932 1541 4983 similiaco
1558 4928 1660 4993 partium
1677 4926 1733 4974 sont
1754 4934 1811 4984 qum

207 5044 270 5102 rint,
285 5040 439 5092 nibilominus
450 5038 568 5101 cogamini
585 5036 670 5087 eadem
688 5036 779 5095 tacere,
790 5046 845 5097 quse
857 5044 921 5082 nuno
932 5030 984 5080 sine
1038 5040 1068 5079 ex
1085 5026 1200 5077 similibus
1212 5024 1400 5087 componuntur,
1413 5032 1490 5082 neque
1500 5020 1578 5067 totum
1592 5016 1684 5076 aparte
1694 5012 1738 5061 uisi
1752 5011 1812 5059 mul·

212 5121 321 5185 Wiffllti
333 5122 414 5175 ficere
426 5124 493 5177 licet.
506 5148 519 5171 ι
1039 5116 1139 5169 titudine
1151 5114 1240 5171 dittert,
1260 5115 1286 5162 ut
1308 5123 1385 5175 aqua,
1396 5120 1481 5158 nurum
1499 5108 1523 5154 ot
1542 5102 1653 5166 quicquid
1671 5102 1709 5152 eci
1727 5099 1810 5161 buius·

242 5216 317 5266 XXX.
330 5215 385 5265 Vox
396 5215 421 5265 iu
431 5214 480 5266 duo
493 5213 622 5266 dividitur:
638 5213 747 5266 eslenim
755 5212 859 5264 animata
870 5209 928 5273 alia,
939 5207 985 5258 alia
1038 5205 1113 5256 modi.
1130 5200 1287 5254 Dissimiiium
1306 5198 1408 5263 partium
1421 5194 1523 5243 dicimus
1538 5204 1594 5253 quar
1612 5204 1640 5241 er
1656 5185 1812 5239 dissimilibus
