4017 5984
286 356 327 415 ω
767 418 771 423 Δ
825 346 1069 409 ARISTOTELIS
1091 347 1340 427 FRAGMENTA.

285 497 380 543 autem
389 484 495 564 άγραρα
506 480 624 558 δόγματα
639 480 836 551 nominantur,
851 479 961 558 optime
972 478 1059 538 intel·
1113 477 1159 537 ιεαλ
1170 478 1246 538 άλλοι
1265 485 1310 541 τοῦ
1326 479 1469 557 Πλάτωνος
1481 484 1580 563 έταῑροι
1593 486 1803 565 παραγενόμενος
1822 489 1884 547 dn.

285 564 1060 650 ligeturipsiusAristotelistestimonio,qnodexejus
1112 566 1249 649 γράψαντα
1270 566 1306 628 τά
1337 567 1448 648 ῥηθέντα
1472 570 1688 649 αϊνιγματωδῶς,
1710 578 1745 641 ὣς
1769 575 1798 655 lp
1815 572 1885 647 ήθη,

287 660 540 738 oreseexeepisse
553 653 1059 732 traditAristoxenus.Cujusdcau·
1114 654 1306 736 Παρράριοςθλ
1330 656 1554 736 διαρθροῦν·αὒτά
1579 660 1803 739 ἐπαγγελλόμενος
1824 662 1887 722 τάδε

286 747 418 806 ctoritate
427 748 459 805 in
467 744 523 805 bac
532 765 576 818 re,
587 764 649 817 cur,
660 742 879 803 utanonnullis
888 742 993 801 lactum
1002 754 1058 815 est,
1113 744 1280 823 capiciario
1303 742 1432 827 γέγραφεν
1454 748 1481 807 lv
1502 748 1542 827 τῷ
1566 747 1689 829 imppp·
1711 748 1887 828 γῃγρρροςγγ,

286 834 447 908 dubitetur,
468 833 605 913 equidem
625 850 680 907 ego
699 831 808 890 nullam
831 829 920 888 video
934 847 1058 889 canuam.
1114 831 1220 891 deinde
1233 832 1393 911 Porphyrii
1411 832 1609 912 explicatione
1624 836 1666 895 ita
1688 838 1784 916 pergit
1803 836 1882 895 Sim-

286 923 353 982 llrec
371 915 449 982 enirn
470 921 522 981 ille
541 920 634 982 Elem.
650 917 787 995 llbytbm.
809 915 854 988 ll,
875 936 907 995 p.
928 918 966 974 io
987 914 1060 974 Mei·
1112 918 1243 997 plinius:
1261 917 1315 979 Καὶ
1326 916 1523 1000 θ’Ᾰλέξανθρος
1534 920 1562 981 tt
1573 924 1620 983 καλ
1633 923 1710 993 αῦτθς
1719 927 1749 985 θοι
1759 927 1812 983 τῶν
1825 926 1885 1004 περὶ

284 1010 365 1073 bonu
378 1032 387 1070 ι
400 1000 1058 1090 ΚαθάτιρἎριστοτέληςάεὶδιηγεῑτοτοῦτοπλεέ·
1112 1008 1228 1083 τάγαθοῦ
1252 1004 1336 1083 λόγων
1357 1010 1403 1066 τοῦ
1425 1006 1568 1077 Πλάτωνος
1588 1011 1723 1091 ὁμολογῶν
1746 1009 1831 1087 λέγειν
1850 1014 1886 1077 ὡς

285 1101 411 1165 στοιςτῶν
418 1097 585 1158 ἀκουσάντων
592 1088 1058 1174 παράΠλάτωνοττλνπερὶτάγαθοῦ
1112 1092 1255 1168 ἱστόρησαν
1272 1092 1460 1173 Ἀριστοτέλης
1481 1096 1569 1156 τεκαὶ
1587 1098 1663 1157 άλλοε
1684 1102 1732 1159 τοῦ
1747 1098 1888 1165 Πλάτωνος
2006 1136 2007 1143 ε

286 1183 412 1261 θνράασιν
425 1186 533 1244 παθεῖν·
547 1182 685 1262 προσιέναι
699 1178 749 1261 γάρ
768 1177 879 1240 έιιαστον
894 1176 1054 1255 sniapes-
1113 1182 1223 1262 έταῑραι.
1239 1180 1312 1241 Cum
1327 1182 1375 1243 his
1391 1185 1541 1264 conspirat
1554 1184 1769 1263 quodammodo
1789 1185 1815 1243 Τ
1816 1185 1887 1245 beo·

285 1292 362 1331 νοντα
375 1270 506 1353 ληψιαθαέ
519 1293 546 1331 τι
559 1273 612 1329 τῶν
626 1266 803 1347 νομιζομένων
817 1264 917 1326 τούτων
929 1262 1059 1345 biparti-
1114 1268 1205 1329 dorus
1216 1269 1374 1329 llletochita
1389 1272 1420 1329 in
1440 1272 1479 1331 iis
1498 1292 1563 1349 quae
1578 1273 1729 1332 annotavit
1740 1270 1776 1331 ad
1791 1273 1886 1333 locutu

278 1374 339 1418 νων
354 1361 473 1437 ἀγαθῶ·
491 1349 544 1419 οἷον
563 1361 690 1430 πλοῦτον,
704 1356 822 1433 θγθιιαν,
838 1351 934 1435 ἰαχάν,
949 1354 981 1413 τὸ
995 1353 1057 1413 tto
1113 1374 1203 1433 supra
1222 1356 1369 1417 laudatum
1392 1359 1558 1419 Aristotelis
1581 1360 1618 1419 de
1640 1360 1760 1433 Anima,
1775 1380 1805 1439 p.
1832 1382 1886 1437 r9o

285 1445 451 1525 ιῦδαιμονέαν
472 1446 531 1506 τινά
550 1443 717 1525 θαυμαστήν.
737 1442 806 1505 Ὅτε
821 1441 850 1501 δέ
872 1439 1018 1524 φανείησαν
1033 1441 1058 1498 ol
1113 1446 1436 1506 latinaerersionissln
1449 1468 1533 1525 opere
1543 1462 1652 1520 ααεοιιι,
1666 1448 1888 1525 tuqutr,deplu'·
1960 1486 1964 1493 ·
2006 1480 2007 1495 ι

189 1605 195 1615 ,
282 1536 358 1611 λόγον
376 1534 437 1615 περὶ
451 1533 617 1612 μαθημάτων
637 1531 684 1593 καλ
697 1534 815 1614 ἀριθμῶν
829 1530 876 1589 οιαὶ
896 1527 1059 1608 γεωμετρέιες
1113 1536 1255 1611 dompmea,
1279 1538 1316 1592 de
1343 1542 1378 1591 tir
1406 1556 1472 1611 qnoe
1498 1540 1611 1595 Platoni
1632 1542 1663 1593 in
1685 1554 1796 1593 summa
1823 1542 1887 1593 uita

283 1623 329 1683 itai
343 1623 376 1684 rb
394 1622 477 1703 πέρας
499 1621 540 1681 ὅτι
560 1620 657 1700 ἀγαθάν
674 1624 743 1681 loris
760 1617 788 1677 έν
810 1618 955 1690 παντελῶς,
973 1605 1058 1692 οἶμαι,
1111 1635 1175 1679 runt
1195 1624 1232 1679 de
1252 1626 1289 1677 iis
1310 1642 1376 1697 qtae
1391 1636 1478 1681 sunt:
1500 1628 1576 1700 quod
1591 1627 1702 1701 quidem
1726 1644 1796 1700 opus
1815 1644 1888 1680 nunc

283 1706 430 1791 παράδοξόν
443 1733 471 1769 τι
491 1708 613 1791 έραένετο
626 1708 724 1773 αὐτοῖς.
743 1705 872 1765 Eandem
886 1723 947 1762 retu
969 1723 1057 1781 quatu
1111 1730 1168 1766 ιιοει
1178 1722 1288 1785 exstat,
1295 1708 1394 1781 fertur
1407 1724 1500 1769 nutem
1506 1706 1599 1784 fuisse
1612 1718 1743 1788 scriptum
1757 1733 1776 1768 a
1790 1714 1888 1769 Xeno-

283 1799 345 1858 sire
355 1818 393 1857 ex
402 1798 594 1865 Aristoxeno,
606 1796 670 1855 sive
682 1794 801 1854 aliunde
813 1804 980 1871 acceperat,
991 1810 1058 1849 nar·
1112 1810 1189 1853 erute
1204 1798 1331 1853 Platonis
1341 1802 1505 1867 αεσοοανοια,
1523 1798 1581 1857 nisi
1594 1798 1690 1876 quod,
1701 1812 1733 1858 ut
1745 1818 1761 1857 a
1774 1798 1888 1857 loanne

282 1900 328 1946 rat
343 1905 460 1965 quoque
486 1882 667 1943 Themistius
685 1881 768 1941 Orat.
790 1878 877 1951 XXI,
895 1900 926 1959 p.
944 1885 1015 1952 alb,
1035 1879 1059 1938 C
1111 1882 1279 1963 Philopono
1295 1902 1412 1961 quoque
1426 1883 1531 1944 lactum
1544 1899 1606 1959 est,
1629 1888 1661 1945 in
1676 1886 1795 1946 Aristot.
1809 1886 1886 1963 Phy-

282 1973 385 2045 llei-d,
414 1992 509 2050 aquo
538 1971 609 2029 licet
637 1968 780 2047 pleraque
803 1966 951 2026 rhetorico
975 1987 1058 2027 ruore
1111 1972 1166 2031 sic.
1184 1971 1205 2033 l.
1221 1971 1242 2031 l.
1258 1992 1291 2049 p.
1306 1972 1375 2047 371,
1391 1971 1426 2043 B,
1442 1972 1480 2031 23
1497 1994 1505 2031 τ
1525 1972 1583 2039 Τάς
1599 1974 1627 2034 δέ
1642 1972 1773 2053 ἀγράφους
1793 1994 1887 2034 συνου-

281 2074 420 2121 exornate
433 2061 507 2131 sint,
517 2071 612 2117 tamen
629 2056 703 2115 illud
714 2055 865 2131 docemur,
875 2057 907 2113 in
919 2068 1058 2115 consueto
1111 2058 1169 2126 σέας
1177 2062 1225 2120 τοῦ
1243 2059 1385 2125 Πλάτωνος
1393 2059 1470 2127 αὐτὸς
1482 2058 1691 2142 θἈριστοτέλης
1702 2061 1886 2142 ἐπεγράψατο,

282 2148 494 2228 discipulorum
508 2164 646 2205 consessu
660 2144 825 2223 disputasse
835 2142 1056 2221 philosophum,
1111 2146 1201 2205 unum
1224 2159 1334 2205 tanturn
1351 2147 1440 2206 modo
1458 2165 1495 2205 ex
1520 2148 1582 2207 illis
1602 2150 1733 2208 norninat
1747 2149 1799 2226 qui
1813 2150 1887 2209 banc

281 2249 436 2314 postquam
449 2233 502 2293 illa
515 2231 600 2291 turba
614 2250 679 2309 quae
692 2232 822 2310 primurn
837 2228 968 2306 undique
983 2248 1058 2287 con-
1112 2234 1149 2293 de
1164 2235 1247 2292 bono
1270 2234 1498 2312 disputationem
1520 2236 1641 2315 scriptis
1663 2237 1882 2299 mandaverant.

282 2320 421 2393 fluxerat,
435 2332 468 2379 ut
492 2318 644 2377 Platonem
666 2316 793 2390 audiret,
817 2315 956 2394 dissipata
971 2330 1055 2378 esset.
1111 2322 1155 2380 Ex
1169 2322 1217 2381 bis
1228 2340 1300 2380 vero
1312 2342 1377 2399 quae
1392 2342 1429 2381 ex
1442 2321 1610 2384 Alexandro
1623 2321 1731 2381 tradita
1742 2335 1810 2380 sont
1824 2342 1885 2381 ma·

281 2407 374 2486 Cujus
394 2409 456 2467 baec
469 2420 537 2466 suut
556 2405 647 2465 verba
667 2428 675 2464 z
692 2404 771 2466 ’lind
792 2403 838 2463 καὶ
854 2402 990 2465 Πλάτωνα
1010 2406 1056 2463 τὸν
1111 2410 1249 2470 nitentum
1272 2409 1305 2467 fit
1327 2408 1420 2468 libros
1440 2408 1502 2490 περὶ
1520 2411 1636 2486 τάγαθοῦ
1658 2428 1733 2487 quos
1756 2424 1884 2469 recenset

281 2496 360 2576 σορθν
374 2493 446 2554 οὐδέν
467 2492 581 2554 έκέιλυεν
595 2482 662 2551 εἶναι
675 2490 825 2574 σορὸν,έτι
842 2494 921 2551 adrui
935 2490 1057 2569 λέγοντος
1111 2498 1257 2574 Diogenes
1272 2496 1406 2555 Laertius
1427 2497 1459 2555 in
1483 2497 1614 2573 catalogo
1636 2496 1811 2575 scriptorum
1825 2496 1885 2556 Χο-

281 2585 308 2642 έν
322 2585 362 2664 τῷ
378 2584 511 2661 Πειραιεῖ,
525 2579 658 2661 ξυιέρρεάν
672 2603 701 2641 τε
716 2580 763 2640 καλ
784 2579 911 2660 ξυνῄεσαν
925 2580 955 2638 οὐ
977 2580 1055 2655 μόνον
1109 2584 1238 2643 nocratis
1256 2582 1324 2664 (Ν,
1341 2584 1390 2661 13)
1413 2597 1442 2643 et
1457 2583 1620 2644 Heraclidis
1635 2583 1682 2660 (V,
1702 2584 1773 2661 87),
1788 2585 1885 2645 nullos

282 2671 312 2728 έιε
323 2674 369 2729 τοῦ
384 2667 475 2734 ἄστεος
484 2665 581 2726 κατιὼν
594 2670 609 2727 θ
620 2669 712 2745 δῆμος,
723 2666 793 2728 titt
806 2667 853 2728 καλ
864 2668 895 2726 έν
905 2668 957 2725 τῶν
968 2669 1056 2747 άγρῶν
1109 2670 1183 2731 alios
1205 2670 1311 2744 luisse,
1324 2688 1410 2747 quarn
1428 2672 1479 2748 qui
1495 2671 1627 2731 Platonis
1651 2672 1877 2751 disputationem

280 2755 327 2816 ιιαλ
339 2758 428 2817 έκτῶν
441 2755 568 2833 ἀμπέλων
580 2754 627 2815 καλ
641 2758 671 2816 lx
681 2758 734 2815 τῶν
744 2754 828 2837 έργων
835 2759 887 2816 τῶν
898 2756 1054 2836 άργυρεέων.
1111 2758 1305 2819 continerent.
1321 2757 1393 2829 Quae
1406 2760 1431 2818 si
1445 2773 1524 2819 recte
1537 2778 1568 2819 se
1579 2758 1702 2832 babent,
1713 2758 1774 2837 jam
1790 2779 1827 2819 ex
1841 2762 1882 2819 si·

283 2844 338 2906 lici
355 2835 399 2903 oio
418 2841 533 2918 ῦπηνέιια
550 2841 610 2912 rol<
624 2844 685 2924 napi
702 2847 817 2925 τάγαθοῦ
837 2841 1053 2923 διεξῄειλάγους,
1110 2844 1278 2905 nlilitudine
1303 2845 1378 2904 illud
1397 2846 1592 2906 demonstrari
1615 2848 1739 2928 poterit,
1753 2848 1832 2925 quod
1857 2862 1885 2907 et

280 2929 413 3010 λλιγγέασέ
427 2954 492 2991 ποτε
515 2936 530 2993 θ
546 2930 628 3000 πολὺς
642 2931 748 3012 ὅμιλος,
763 2933 810 2993 καλ
825 2930 995 3013 άπιρράηααν
1009 2935 1056 2991 τοῦ
1109 2953 1162 3012 per
1171 2954 1203 2993 se
1215 2934 1287 2993 satis
1299 2932 1454 3013 probabile
1467 2934 1595 3007 ridetur,
1611 2933 1706 2993 libros
1720 2935 1780 3013 περὶ
1791 2933 1882 3011 τἈγα-

280 3028 375 3102 χοροῦ,
396 3019 442 3079 καλ
463 3022 591 3081 τελευτῶν
606 3020 648 3092 δὴ,
658 3020 801 3095 κατέληξεν
815 3022 851 3088 εἰς
864 3020 924 3089 τοὺς
937 3020 1055 3092 συνήθεις
1109 3024 1154 3081 ton
1163 3021 1201 3080 ab
1210 3021 1369 3081 Aristotele
1381 3022 1573 3101 conscriptos,
1585 3021 1718 3092 minime,
1731 3033 1763 3079 ut
1777 3020 1883 3081 llusius

280 3108 409 3186 ὁμιλητάς
423 3111 462 3187 τῷ
477 3109 601 3168 Πλάτωνι
616 3109 709 3186 μόνους
722 3108 754 3168 ab
768 3107 888 3187 θέατρον.
900 3108 972 3180 Quae
984 3128 1056 3169 vero
1109 3108 1222 3180 voluit,
1247 3107 1421 3185 dialogicarn
1444 3108 1567 3168 sormam
1591 3107 1746 3179 babuisse,
1769 3109 1880 3186 quippe

281 3197 313 3255 in
331 3197 408 3255 hunc
429 3195 547 3254 modurn
568 3196 652 3255 Plato
677 3195 894 3276 disputaverat,
918 3215 935 3254 a
956 3198 1056 3257 multis
1110 3215 1200 3272 quum
1228 3209 1258 3255 et
1280 3196 1444 3255 Heraclidis
1466 3196 1504 3254 de
1522 3195 1605 3254 nono
1625 3193 1695 3253 libri
1719 3213 1779 3252 non
1807 3196 1884 3255 inter

280 3295 401 3362 excepta
418 3295 446 3341 et
469 3283 586 3362 scriptis
606 3283 741 3343 mandata
765 3297 865 3356 erant,
882 3283 918 3342 de
941 3303 1000 3361 qua
1024 3304 1057 3343 re
1109 3282 1261 3359 dialogos,
1277 3282 1328 3342 sed
1342 3284 1418 3342 inter
1435 3282 1550 3363 plrysici
1570 3282 1732 3358 argumenti
1745 3281 1882 3361 scriptas
2006 3312 2007 3315 ¹

281 3372 452 3451 praeclarum
488 3383 581 3430 exstat
616 3371 776 3431 Alexandri
813 3370 1057 3449 Aphrodisiensis
1109 3368 1241 3446 Diogene
1254 3382 1441 3449 reponantur.

281 3461 477 3521 testimonium
499 3459 683 3539 aSirnplicio
701 3462 775 3521 adl.
796 3459 817 3519 l.
833 3459 988 3537 Physicor.
1013 3459 1057 3517 al·
1150 3458 1194 3517 De
1207 3458 1292 3517 libris
1305 3456 1367 3538 napi
1378 3455 1505 3536 τἈγαθοῦ
1520 3460 1590 3517 satis
1599 3457 1661 3535 jam
1675 3456 1823 3536 disputata
1840 3457 1882 3516 io·

281 3549 385 3619 latum,
398 3547 454 3609 tol.
472 3548 527 3616 32,
545 3566 632 3607 verso
647 3549 694 3627 [p.
707 3549 775 3620 est,
789 3549 823 3619 B,
844 3548 881 3607 οδ
905 3548 1027 3627 lirand.)
1045 3569 1053 3607 :
1110 3557 1196 3615 rent,
1213 3544 1272 3605 nisi
1294 3556 1323 3603 et
1346 3542 1477 3621 quaedam
1499 3542 1667 3620 adjicienda
1681 3554 1777 3603 essent
1789 3541 1826 3601 de
1840 3563 1885 3602 er·

281 3636 360 3715 Λέγιι
382 3634 409 3695 di
432 3633 624 3714 θ’λλέξανθρος
639 3633 681 3695 dri
698 3635 768 3695 κατά
791 3635 926 3697 Πλάτωνα
949 3634 1057 3695 πάντων
1110 3632 1226 3703 rore,in
1238 3644 1381 3710 quem,ut
1390 3632 1475 3690 multi
1485 3630 1660 3709 inciderent,
1671 3630 1765 3710 ipsius
1776 3630 1885 3690 Aristo·

281 3721 352 3802 άρχὴ
367 3720 414 3781 καλ
429 3722 515 3780 οὔτῶν
535 3724 588 3781 τῶν
610 3721 687 3779 ἰδεῶν
699 3720 730 3781 τέ
741 3744 772 3781 τε
788 3722 816 3781 έν
840 3723 896 3781 έστι
918 3721 964 3782 καλ
975 3724 994 3794 ἡ
1007 3722 1055 3781 do'-
1109 3719 1177 3778 telis
1187 3718 1292 3778 ¹uerbis
1308 3718 1414 3778 lactum
1430 3735 1494 3777 esse
1505 3730 1587 3797 puto.
1604 3717 1701 3788 Quum
1712 3718 1791 3777 enim
1811 3716 1879 3793 ille,

282 3832 368 3889 ρισιος
382 3809 463 3881 δυάς,
478 3807 511 3880 ἣν
528 3807 598 3888 μέγα
614 3810 660 3868 καὶ
676 3808 768 3890 μικρὸν
782 3809 889 3890 έλιγσν,
907 3813 944 3878 ὣς
966 3810 1013 3871 καὶ
1027 3812 1054 3869 έν
1110 3805 1161 3865 ubi
1184 3806 1314 3865 Platonis
1333 3806 1559 3885 disputationem
1580 3804 1726 3882 significat
1741 3806 1774 3864 in
1794 3804 1880 3869 libris

280 3901 339 4044 γρῖὲ
354 3897 415 3978 περλ
436 3894 563 4043 apponii
578 3893 765 4044 ὲλριστμιέλης
784 3896 954 4045 μγημονράξ.
970 3897 1056 4007 Δάὸρι
1109 3894 1296 4040 dsAtplimalt,
1311 3916 1341 4041 al:
1353 3913 1453 3967 poam
1465 3892 1500 3953 td
1514 3893 1574 4039 πρρὶ
1588 3891 1883 4040 φγλοσογέγιςθέγγόμιργρ

281 4007 464 4139 τευςνιετάέτῶλ
473 4006 576 4143 gire,
589 4000 803 4152 οέηεέάρέγπέέέέέαοι
814 4007 890 4153 tii}
903 4007 1055 4151 πῑγέέέάγέι
1111 4002 1195 4148 diiii
1209 4002 1535 4148 ὅ1(έὲεέΙέλετέξει]ιέεέέοέὶγέιειέ
1555 4002 1615 4146 dipl
1624 4000 1794 4149 :sinicione
1813 4086 1882 4125 con·

281 4162 327 4221 θοῦ
344 4157 487 4226 Πλάτωνος
500 4158 643 4238 θαροάοιι·
656 4160 754 4228 πάντες
766 4162 817 4242 γάρ
831 4161 995 4242 συνέγραψαν
1011 4160 1056 4221 καλ
1110 4158 1267 4236 scripserat
1283 4156 1453 4236 accipienda
1466 4169 1570 4217 essent
1584 4155 1610 4215 Τ
1612 4155 1667 4216 alia
1685 4169 1780 4215 autern
1798 4174 1883 4215 error

281 4236 441 4298 διεσώσαντο
462 4239 512 4312 τὴν
530 4236 607 4307 δόξαν
620 4240 701 4299 αὐτοῦ
719 4240 766 4300 καὶ
785 4239 893 4309 ταύταις
912 4240 990 4302 atro
1004 4244 1053 4320 άρ·
1110 4244 1277 4304 octacilius
1294 4246 1450 4325 propagari
1463 4245 1577 4324 potuit,
1592 4244 1671 4321 quod
1684 4242 1745 4320 jam
1765 4243 1879 4320 antiqui

279 4334 341 4407 χαῑς
351 4330 466 4408 χρῆσθαι
478 4325 611 4405 λέγουσιν·
622 4327 724 4387 eadem
742 4328 837 4402 inira,
856 4348 893 4387 ex
906 4329 1009 4388 eodem
1024 4340 1056 4387 ut
1111 4332 1282 4412 philosophi
1300 4334 1474 4412 interpretes
1492 4351 1551 4390 non
1572 4332 1642 4391 satis
1658 4344 1792 4391 accurate
1805 4350 1883 4389 scm·

281 4412 398 4472 videtur
427 4414 521 4485 fonte,
549 4414 656 4475 iterunt
684 4417 777 4494 tangit
800 4416 849 4477 lol.
887 4426 941 4486 rot
968 4434 1055 4477 verso
1110 4439 1163 4500 per
1174 4420 1342 4480 distinxisse
1355 4420 1495 4479 videntur
1516 4438 1582 4496 quae
1602 4416 1650 4477 hic
1674 4417 1881 4495 distinguenda

282 4504 332 4581 (p.
352 4502 428 4573 362,
443 4502 480 4575 A,
499 4502 677 4583 rollrand.)
696 4502 816 4577 ιΤὴνδέ
835 4504 955 4586 άάριστον
972 4504 1056 4564 δυάδα
1108 4506 1308 4586 erant.Cujus
1333 4510 1378 4567 rei
1395 4506 1528 4587 exemplo
1547 4520 1615 4565 aunt
1637 4507 1689 4584 qui
1714 4506 1880 4585 exscriptus
2006 4552 2007 4557 ι

281 4588 328 4648 καλ
342 4592 369 4649 έν
388 4590 443 4657 τοῖς
461 4594 562 4661 νοητοῖς
582 4590 660 4659 τιθελς
675 4596 704 4667 (b
721 4594 834 4654 Πλάτων
849 4594 930 4672 scit.)
947 4593 1055 4672 άπειρον
1108 4606 1153 4652 est
1167 4613 1184 4652 a
1196 4593 1286 4653 Suida
1301 4606 1384 4655 vetus
1407 4594 1552 4672 interpres
1574 4610 1597 4651 s.
1613 4612 1643 4653 v.
1659 4590 1773 4669 Ἀγαθοῦ
1788 4592 1879 4669 θαίμο·

282 4666 348 4736 εἶναι
361 4674 468 4754 έλιγεν,
482 4675 529 4737 καλ
541 4676 572 4737 td
586 4677 656 4758 μέγα
667 4679 696 4739 δέ
709 4680 756 4740 καλ
768 4682 799 4741 τὸ
812 4680 906 4759 μικρὸν
918 4678 1002 4760 ἅρχέες
1015 4702 1055 4739 τι·
1108 4679 1338 4757 νος,εὼίλαρίιεει
1350 4676 1431 4741 ιὈτε
1440 4679 1501 4760 περὶ
1510 4678 1634 4756 τ’λγαθοῦ
1644 4676 1744 4758 βιάλέον
1754 4678 1880 4748 συντάξας

282 4765 334 4832 tate
345 4762 443 4844 άτειρα
458 4754 526 4825 εἶναι
536 4763 625 4845 έλεγεν
639 4768 666 4825 έν
677 4771 732 4837 τοῖς
744 4768 806 4850 πιρλ
819 4772 936 4845 τάγαθοῦ
949 4768 1051 4842 λόγοις,
1109 4766 1295 4848 Ἀριστοτέλης
1312 4768 1359 4835 τάς
1378 4768 1508 4851 άγράρους
1522 4772 1568 4827 τοῦ
1588 4766 1732 4834 Πλάτωνος
1755 4765 1829 4836 δέξας
1851 4770 1878 4828 ἐν

280 4842 540 4932 εἷςθἌριττοτέλης
558 4854 605 4914 sat
618 4852 796 4935 Ἧρααλιέδης
817 4856 873 4936 (ci.
889 4854 998 4914 lloulea
1018 4860 1055 4912 de
1108 4858 1181 4938 αὐτῷ
1205 4857 1364 4917 κατατάττει
1389 4854 1435 4915 xal
1462 4854 1595 4933 μέμνηται
1622 4858 1669 4913 τοῦ
1697 4854 1881 4930 συντάγματος

282 4942 436 5000 Heraclide
446 4943 582 5020 Pontico,
596 4943 739 5015 Lovanii,
766 4944 856 5017 rere,
879 4964 912 5022 p.
938 4946 993 5021 19)
1008 4943 1054 5003 καὶ
1108 4940 1286 5024 Ἀριστοτέλης
1301 4944 1328 5001 έν
1341 4940 1380 5021 ’τῷ
1400 4941 1425 4999 α’
1442 4940 1503 5022 περὶ
1522 4941 1622 5019 Ψυχῆς
1635 4938 1803 5015 έπονομάζαιν
1817 4939 1881 4997 adad

281 5026 413 5096 Ἑστιαῖος
424 5028 479 5103 (cl.
492 5029 579 5105 Diog.
593 5028 689 5090 Laert.
704 5030 762 5103 lll,
778 5033 835 5105 td,
846 5030 986 5103 litandis,
1000 5036 1054 5089 Ge·
1107 5030 1168 5113 περὶ
1185 5029 1348 5111 Φιλοσοφίας
1367 5030 1422 5109 (cl.
1439 5028 1536 5088 Scbol.
1557 5047 1575 5085 e
1600 5026 1665 5086 cod.
1686 5025 1782 5088 Paris.
1804 5027 1881 5105 apud

280 5116 798 5195 .··cltr'clrredergr.·roem.Philosophia
812 5130 835 5180 t.
844 5117 1052 5197 lt,1‚p.1so),
1106 5118 1240 5178 Brandis.
1275 5120 1401 5176 Diatrr'be
1435 5121 1472 5177 de
1503 5122 1590 5176 Arist.
1625 5119 1663 5173 de
1690 5118 1783 5187 Bono,
1810 5126 1880 5183 etc,
