4017 5984
780 425 1039 491 nnstuuttcm.

1642 436 1701 496 223

97 588 162 627 ιιιιιι
177 579 301 645 uterque
315 576 431 624 cenmm
447 576 477 622 et
492 561 684 641 quadraginta
699 574 764 620 octo
778 560 869 622 fuisse
923 580 989 620 rum
1018 580 1141 620 numero
1164 580 1202 624 ne
1226 561 1404 621 levissimum
1427 562 1546 640 quidem
1564 563 1633 625 licet
1649 566 1702 625 de·

96 657 230 715 affirmat
245 653 341 716 Ceteri
350 671 452 712 omnes
466 652 534 730 plus
546 653 681 712 minusve
690 649 815 710 vaiimt.
827 648 872 708 lta

95 746 173 803 enim
189 744 221 802 in
234 741 300 802 Vita
317 739 597 802 Pseudo-Ammonii
618 737 670 798 evr'
692 736 870 810 indicantur,

95 853 112 892 a
127 853 187 911 quo
199 849 320 891 numero
329 849 390 888 non
404 826 526 886 multum
538 826 674 886 dissentit
685 839 770 886 vetus
783 828 874 886 inter-

96 941 161 999 pres
187 919 295 978 latinus
315 919 458 974 historiam
486 917 667 971 ducentarum
687 929 715 972 et
733 921 873 992 quinqua-

93 1016 177 1086 ginta
198 1010 361 1085 politiorem
383 1003 521 1076 afluens,
543 1002 631 1062 sicuti
651 1000 690 1061 ab
717 1001 873 1080 Anonymo

96 1115 215 1174 quoque
226 1093 344 1170 Proleg.
356 1095 389 1152 in
402 1090 512 1150 Philos.
526 1089 604 1170 apud
619 1089 726 1153 lirend.
742 1112 773 1169 p.
789 1111 820 1167 9,
836 1091 872 1167 B,

95 1188 135 1243 26
153 1186 259 1244 lactum
282 1196 336 1244 est.
364 1180 457 1240 Panlo
482 1179 596 1240 cautius
625 1179 703 1258 apud
729 1178 872 1240 loannem

96 1273 294 1352 philoponum
310 1271 342 1329 in
356 1269 456 1346 cueg.
471 1287 503 1347 p.
519 1268 569 1346 39,
581 1267 616 1341 ll,
632 1285 690 1346 19:
707 1267 776 1348 tppt
791 1265 839 1336 τλς
850 1266 872 1324 ν’

94 1361 142 1419 καλ
156 1358 289 1427 διακοσίας
300 1359 410 1418 dictum
424 1369 480 1418 ests
495 1354 589 1434 Magis
599 1355 688 1414 etiam
704 1355 874 1436 discrepant

98 1449 227 1509 Arabum
242 1449 372 1521 numeri,
388 1463 517 1524 quorum
540 1443 613 1502 alter
632 1441 875 1504 Dschemaluddi-

97 1557 154 1597 uns
167 1541 204 1594 de
221 1549 330 1594 centmn
346 1547 376 1593 et
388 1539 568 1612 septuaginta
587 1551 645 1590 aaa
661 1531 811 1610 loquitur,
835 1532 874 1590 al·

96 1627 154 1685 teri
165 1645 237 1684 rero
254 1622 383 1684 Hadschi
405 1621 533 1694 Khattae,
554 1620 666 1700 duplici
681 1639 783 1680 errore
796 1618 874 1699 apud

97 1711 316 1786 lierbelotium,
342 1708 536 1786 Bibliotltiqae
556 1712 706 1778 orientale,
734 1725 771 1787 'p.
804 1727 874 1784 971,

94 1815 207 1859 centum
224 1815 254 1859 ct
266 1805 421 1874 nonaginta
441 1817 509 1868 ana,
530 1793 607 1874 apud
622 1793 783 1870 Fliigelium
802 1813 874 1854 veto

93 1895 276 1966 septuaginta
289 1907 347 1944 ana
358 1875 539 1954 trihuuutut.

138 1975 164 2034 'l'
165 1975 219 2034 alis
233 1987 276 2032 est
289 1977 320 2030 in
333 1972 382 2030 his
400 1989 591 2029 numerorum
611 1968 776 2041 dissensus,
792 1981 825 2027 ut
842 1969 876 2027 in

93 2083 133 2122 eo
159 2081 212 2141 per
239 2059 432 2119 librariorum
466 2056 672 2135 negligentiam
699 2056 874 2137 explicando

98 2149 184 2208 lacile
199 2149 384 2226 acquiescere
395 2145 559 2224 possimus,
575 2145 600 2204 si
618 2144 776 2218 concedas,
791 2145 875 2203 anti-

95 2259 158 2316 quo
169 2237 231 2315 jam
245 2231 356 2307 errore,
370 2233 510 2293 ducentas
528 2229 603 2292 male
620 2252 676 2312 pro
694 2246 809 2292 centum
825 2253 877 2312 po-

93 2317 169 2384 sitas
185 2325 283 2385 fuisse.
299 2322 400 2400 ltaque
419 2341 479 2380 non
493 2339 568 2400 opus
582 2332 644 2394 est,
661 2332 695 2379 ut
709 2340 776 2379 curn
791 2319 877 2378 Nun-

97 2413 198 2486 ncsio,
231 2413 263 2471 iu
297 2410 373 2470 notis
398 2408 437 2469 ad
468 2412 563 2466 Vitam
585 2412 757 2482 Aristotele,
781 2407 874 2484 Lugd.

71 2543 74 2554 .
98 2502 199 2560 Batav.
228 2502 317 2569 1621,
344 2518 372 2577 p.
398 2519 454 2575 97,
478 2495 613 2574 llenagio
641 2497 679 2556 ad
718 2496 877 2574 Diogenem

38 2660 40 2663 Ι
101 2589 252 2648 laertium
275 2587 311 2660 V,
339 2606 386 2658 ιιι,
410 2585 576 2654 Grasholio‚
596 2587 764 2659 Philologus
787 2598 808 2644 t.
827 2583 876 2655 lll,

102 2691 134 2746 p.
152 2671 223 2746 268,
243 2668 279 2725 de
299 2665 434 2735 Politiis,
459 2663 558 2722 nescio
586 2662 706 2740 quibus,
726 2663 876 2722 Aristoteli

100 2757 176 2815 ialso
208 2752 363 2831 adscriptis
386 2752 557 2828 cogitemus.
584 2751 670 2820 Quod
695 2751 814 2828 quidem
842 2764 875 2810 ut

101 2845 230 2902 facerent
245 2841 281 2899 iis
291 2857 378 2897 causa
387 2837 442 2896 luit
453 2835 635 2916 Simplicius,
650 2837 729 2916 apud
741 2856 828 2916 quern
843 2838 876 2896 in

102 2929 226 2988 Aristot.
236 2927 370 3002 Cetegor.
385 2923 436 2986 tot.
450 2923 555 3002 ach.
567 2923 671 2996 Basil,
687 2944 719 3003 p.
733 2945 781 3003 ²7,
791 2925 829 2996 A,
840 2923 876 2992 43

19 3059 20 3078 2
100 3014 210 3076 Brund.
223 3012 286 3071 haec
298 3013 437 3088 leguntur
454 3033 461 3068 :
479 3011 564 3083 Δῆλον
579 3011 607 3069 δὲ
620 3012 677 3087 (sc.
694 3010 879 3069 Aristotelem

102 3100 490 3183 perspicuaorationeusum
497 3101 573 3177 esse)
582 3097 629 3157 ael
642 3089 711 3167 ἐξῶν
726 3101 751 3158 ἐν
761 3088 879 3163 ciclico·

101 3192 171 3264 λήθη
186 3189 339 3270 σαφέστατα
354 3185 485 3262 ἐδίδαξεν,
503 3193 539 3254 ὼς
552 3188 579 3245 lv
599 3196 655 3253 τοῖς
671 3183 820 3265 Μετεώροις
834 3185 880 3245 καλ

19 3297 21 3346 i
101 3283 156 3347 τοῖς
168 3281 293 3345 Ἰὀιιικοῖς
303 3275 538 3356 καλταῑςγνηοίαις
550 3275 629 3334 αὐτοῦ
638 3274 801 3354 Πολιτιίαις,
811 3273 881 3355 ὅπερ

103 3367 147 3426 διὰ
161 3367 191 3426 το
206 3366 351 3446 κοινότερον
367 3365 420 3424 τῶν
434 3364 612 3448 Θεωρημάτων
625 3363 783 3446 σαφέστερον
794 3365 880 3442 rina-s·

101 3454 189 3530 γιῖλαι
199 3451 310 3512 σύνοιδε.
321 3451 362 3512 To
371 3449 398 3510 dl
413 3451 637 3532 liraeiatoaqiit
646 3454 729 3512 εἰπεῖν
737 3452 813 3523 δηλοῖ
827 3451 881 3530 pri·

101 3542 181 3598 λιστα
192 3545 205 3600 δ
218 3543 271 3598 τῶν
286 3537 453 3600 Ἐπιστολῶν
471 3539 549 3597 αὐτοῦ
562 3538 714 3619 χαρακτήρ.
732 3539 767 3598 ln
777 3540 824 3599 his
836 3540 882 3598 vi·

105 3630 180 3686 tium
195 3627 314 3704 aliquod
328 3628 424 3686 inesse
442 3627 555 3706 optimo
569 3645 638 3686 saue
655 3626 725 3704 jure
744 3627 882 3706 suspicati

101 3730 173 3776 sum
183 3734 248 3775 cum
257 3715 400 3787 ldelerus,
413 3717 465 3794 qui
479 3716 510 3775 in
521 3716 631 3794 praelat.
646 3715 682 3774 ad
692 3715 813 3778 Aristot.
823 3717 883 3776 hle·

102 3803 210 3862 teorol.
227 3814 248 3861 t.
267 3801 291 3874 l,
301 3822 329 3882 p.
344 3799 416 3873 Xll,
431 3822 461 3861 ιι.
488 3811 525 3870 l⁰
548 3821 652 3880 parum
670 3801 791 3862 leliciter
804 3801 882 3863 ’Enr-

103 3893 211 3958 στολαῖς
226 3889 362 3969 coujecit,
378 3904 437 3950 tum
450 3889 608 3964 Nauckius,
621 3892 795 3970 Philologus,
809 3906 830 3950 t.
846 3891 882 3969 ll,

106 4002 138 4059 p.
155 3981 213 4038 680
223 4000 278 4058 sq,
291 3978 470 4037 lenissimam
481 3997 552 4036 vero
559 3995 623 4038 esse
633 3977 807 4037 medicinam
823 3999 883 4039 non

106 4079 329 4146 perspexerunt.
338 4067 490 4128 Molestum
499 4065 577 4125 enim
591 4065 671 4126 istud
681 4064 804 4144 γνησίαις
811 4066 886 4145 quid

109 4155 190 4214 aliud
211 4171 273 4213 esse
295 4154 405 4232 poterit
423 4173 511 4232 quam
536 4153 593 4234 pvq'
605 4153 746 4231 Diogenis
764 4166 793 4213 et
808 4155 886 4213 Ano·

108 4244 191 4321 nymi
206 4244 282 4302 male
294 4263 350 4321 pro
364 4242 539 4321 compendio
554 4242 700 4317 habitum,
715 4242 825 4322 dequo
838 4261 886 4320 ge·

109 4355 180 4394 nere
197 4353 330 4393 errorum
361 4335 400 4394 cl.
422 4333 530 4408 Cobet,
559 4337 655 4392 Varia
677 4338 765 4395 hott.
788 4333 883 4412 Lugd.

109 4423 210 4482 Batav.
234 4421 321 4494 rest,
336 4441 368 4500 p,
387 4420 502 4502 toa.(1)
517 4420 635 4483 Nullum
649 4422 740 4498 igimr
757 4422 818 4500 jam
833 4441 886 4482 ex·

107 4523 165 4568 stat
178 4509 323 4589 Simplicii
345 4510 544 4570 testimonium
558 4511 596 4570 de
609 4510 805 4590 supposititiis
820 4511 887 4572 Ari·

110 4596 222 4656 stotelis
248 4596 371 4657 Politiis
395 4599 468 4668 Qute
499 4599 523 4657 si
559 4617 688 4678 unquam
717 4599 886 4659 adulterasse

108 4696 192 4755 sunt,
202 4683 294 4744 multo
305 4686 397 4762 magis
406 4685 437 4744 id
449 4686 633 4763 singularum
645 4686 886 4766 interpolatione,

110 4790 199 4849 quam
214 4791 356 4832 novarum
370 4773 520 4834 additione
539 4775 646 4835 lactum
668 4793 731 4834 esse
744 4787 886 4853 putarem.

109 4857 139 4915 'l'
140 4858 194 4918 alis
216 4877 286 4919 vero
305 4862 543 4942 interpolationis
564 4866 596 4923 in
611 4877 692 4922 tanto
709 4863 889 4940 fragmento·

143 5089 174 5138 tt)
187 5083 305 5141 scriptum
320 5089 369 5134 erat
383 5087 481 5136 intimae
494 5102 543 5156 pau*
556 5093 647 5156 οὔσαις,
657 5092 718 5139 ucut
731 5094 755 5140 el
765 5092 849 5139 David.
864 5094 888 5140 ln

110 5156 222 5213 &lte-l·
231 5162 267 5213 Μ.
276 5159 303 5212 Α.
316 5159 384 5204 2⁴⁸⁴
392 5161 512 5220 διακοσίας
524 5165 668 5224 neiriacum
676 5166 758 5230 οὔσας,
773 5167 878 5212 etloouu

113 5225 208 5283 Philop.
222 5227 254 5272 Ιιι.
266 5239 292 5285 p.
311 5234 347 5283 ts,
360 5229 387 5284 B,
400 5235 434 5278 te.

924 648 1107 728 prehendere
1132 650 1301 727 vestigium.
1328 650 1520 729 summopere
1535 652 1627 728 igitur
1649 675 1701 714 re-

925 753 1001 810 reor,
1023 749 1057 795 ut
1068 731 1183 797 ⁴lrustra
1209 733 1298 798 luerit
1311 737 1394 796 llosii
1413 737 1643 814 demonstratio,
1662 742 1701 801 it-

926 823 977 883 lud
1001 826 1138 884 evincere
1157 825 1308 903 conantis,
1326 826 1449 886 Politice
1469 847 1529 886 non
1554 829 1591 886 ad
1604 830 1702 908 ipsum

926 910 1112 971 Aristotelem
1127 913 1294 992 pertinere,
1309 913 1361 971 sed
1373 914 1490 973 nonita
1500 916 1623 975 multum
1637 930 1704 996 post

926 997 992 1076 ejus
1001 1014 1136 1079 mortem,
1147 999 1313 1061 Heraclidis
1327 1002 1445 1062 Pontici
1455 1015 1539 1064 aetate
1550 1004 1704 1083 conserip-

927 1099 971 1146 tas
998 1087 1100 1149 luisse.
1123 1089 1180 1149 Cui
1204 1089 1340 1168 opinioni
1360 1090 1423 1151 riri
1442 1093 1702 1171 ὑπιρκριτοιωτάτοο

928 1173 1020 1233 totius
1044 1176 1226 1255 antiquitatis
1249 1196 1424 1237 consensum
1447 1198 1598 1258 opponere
1621 1181 1703 1239 sulli-

928 1261 997 1335 ciat,
1010 1263 1063 1340 qui
1078 1264 1196 1342 quidem
1211 1265 1278 1325 talis
1298 1277 1342 1325 cst
1355 1280 1387 1325 ut
1405 1265 1458 1325 rix
1476 1267 1580 1346 major
1605 1269 1703 1348 optari

929 1349 1030 1426 possit

969 1439 1153 1501 Attamenab
1174 1443 1240 1521 ipso
1259 1443 1418 1503 Aristotele
1438 1443 1616 1504 Potitiorum
1632 1465 1703 1506 nus-

930 1546 1018 1604 quam
1031 1531 1141 1590 mentio
1155 1531 1229 1590 lacta
1242 1544 1296 1595 est.
1308 1529 1395 1601 Quod
1407 1533 1567 1610 quominus
1577 1534 1704 1594 affirme-

930 1635 994 1676 mus
1011 1617 1063 1678 vix
1078 1618 1239 1698 impedient
1252 1619 1375 1679 Doridis
1392 1609 1491 1691 verlia,
1509 1623 1605 1700 quiin
1621 1625 1704 1684 Aris·

930 1717 983 1766 tot.
1003 1703 1103 1784 Categ.
1120 1730 1149 1786 p.
1163 1717 1215 1784 al,
1230 1712 1266 1782 A,
1281 1710 1318 1768 35
1333 1707 1370 1768 de
1388 1708 1507 1769 Politiis
1519 1711 1652 1789 loquitur
1674 1712 1705 1779 d<

930 1789 1058 1852 melion
1092 1795 1297 1876 philosophus.
1323 1799 1385 1854 Nec
1416 1797 1539 1874 majoris
1575 1800 1705 1877 prolecto

930 1893 999 1939 sunt
1027 1883 1167 1943 momenti
1190 1883 1352 1961 συνηγμέναι
1377 1884 1509 1944 πολιτεῖαι
1533 1887 1571 1945 de
1598 1889 1706 1965 quibus

931 1967 963 2026 in
975 1974 1114 2031 extremis
1124 1971 1235 2032 Ethicis
1249 1971 1444 2033 Nicomachiis
1454 1972 1570 2034 locutus
1585 1989 1628 2034 est
1640 1977 1707 2055 phi·

931 2054 1083 2134 losophus,
1110 2078 1182 2137 quas
1208 2059 1245 2118 ad
1269 2059 1444 2120 Politiarnm
1476 2082 1551 2141 opus
1573 2077 1706 2141 spectare

932 2149 1069 2210 arbitrati
1081 2160 1151 2206 sunt
1161 2147 1316 2224 nonnulli,
1328 2167 1387 2206 non
1402 2149 1473 2208 satis
1486 2148 1562 2208 bene
1575 2171 1709 2232 perspec-

932 2237 970 2297 tis
994 2234 1164 2314 interpretis
1189 2237 1278 2312 graeci
1304 2233 1415 2297 verbis.
1447 2235 1528 2306 Quas
1551 2240 1630 2311 enim
1657 2242 1708 2302 ille

932 2323 1075 2390 Πολιτείας
1090 2334 1177 2380 vocat
1190 2323 1244 2382 lol.
1270 2323 1326 2400 189
1340 2336 1421 2382 recto
1436 2320 1508 2391 t‘llt
1520 2325 1571 2406 γὰρ
1588 2325 1664 2396 datin
1681 2331 1708 2388 ἐν
1732 2346 1737 2358 ·

932 2422 989 2481 ταῖς
1018 2409 1181 2484 Halieion,
1215 2408 1300 2470 nicio
1323 2409 1381 2482 sliu
1414 2411 1600 2492 δημοκρατιῶν
1624 2417 1706 2493 οἷσίν,

931 2501 1059 2562 Politice
1072 2514 1141 2561 sunt
1152 2520 1212 2559 nou
1222 2499 1285 2578 jam
1296 2498 1427 2574 Potitio,
1437 2520 1525 2579 quem
1535 2523 1619 2562 usum
1631 2507 1709 2585 apud

932 2591 1112 2651 Eustathium
1125 2609 1243 2667 quoque
1255 2588 1475 2666 deprehendere
1488 2592 1571 2662 licet,
1597 2594 1711 2674 quippe

933 2680 984 2756 qui
1001 2679 1032 2738 in
1044 2677 1131 2739 lliad.
1145 2698 1174 2756 p.
1198 2679 1253 2734 1²6
1281 2696 1316 2734 ta
1340 2671 1444 2757 ιἭλῳ
1467 2677 1519 2759 γὰρ
1539 2671 1614 2753 ἧλος,
1639 2681 1709 2740 κατὰ

934 2765 1078 2847 παροιμίαν
1102 2763 1151 2836 τὴν
1164 2766 1191 2823 ἐν
1216 2761 1367 2831 Πολιτιίαις
1389 2764 1465 2844 παρὰ
1477 2769 1516 2848 τῷ
1537 2767 1711 2847 Ἀριστοτέλει

933 2854 1067 2931 κειμένην,
1082 2866 1182 2932 aperte
1201 2851 1328 2911 Politice
1341 2850 1363 2913 l.
1377 2851 1413 2928 ll,
1431 2873 1450 2928 9
1466 2855 1484 2930 s
1503 2857 1521 2912 6
1540 2857 1709 2932 respexerit.

934 2943 1005 3003 Tale
1018 2962 1091 3002 vero
1104 2940 1252 3002 silentium
1263 2939 1431 2999 Aristotelis
1443 2941 1517 3000 nihil
1536 2941 1623 3000 habet
1631 2945 1710 3020 quod

934 3033 1064 3092 mireris.
1080 3029 1194 3088 Etenim
1208 3029 1234 3088 si
1248 3049 1312 3107 qua
1325 3046 1415 3108 snpra
1431 3047 1448 3086 a
1466 3027 1553 3088 nobis
1565 3029 1711 3108 disputata

935 3132 1002 3179 sunt
1015 3130 1091 3178 recte
1107 3136 1138 3176 se
1155 3115 1277 3189 habent,
1294 3115 1357 3192 jam
1372 3115 1445 3175 illud
1457 3131 1650 3194 consequetur
1664 3121 1710 3199 ip·

935 3207 995 3266 sius
1003 3205 1173 3287 philosophi
1183 3205 1381 3265 testimonium
1395 3203 1432 3262 de
1443 3203 1561 3264 Politiis
1572 3223 1609 3262 ne
1617 3207 1710 3282 quaeri

936 3296 1056 3376 quidem
1079 3293 1191 3357 deberi.

977 3384 1020 3445 De
1030 3383 1145 3444 Politiis
1153 3383 1223 3443 satis
1228 3381 1405 3460 jamdictum
1416 3395 1501 3456 esset,
1517 3380 1575 3441 nisi
1587 3395 1708 3460 etqua-

936 3473 1001 3533 dam
1009 3472 1077 3533 addi
1083 3483 1231 3549 oporteret
1237 3470 1273 3530 de
1280 3471 1426 3550 excerptis
1435 3489 1500 3548 quae
1506 3466 1562 3530 snb
1575 3470 1709 3530 Heracli·

937 3560 983 3620 dis
1004 3559 1122 3619 Pontici
1137 3558 1255 3617 nomine
1273 3557 1534 3630 circumferuntur,
1554 3558 1710 3616 maximam

937 3668 1009 3708 vero
1022 3660 1154 3727 partem,
1179 3658 1211 3704 ut
1227 3644 1359 3718 ridetur,
1379 3664 1417 3704 ex
1437 3645 1602 3704 Aristotelis
1623 3665 1712 3725 opere

936 3737 1114 3816 desumptis.
1128 3735 1171 3796 Ee
1193 3735 1307 3810 integra
1329 3753 1395 3794 cum
1421 3734 1607 3792 Aristoteleis
1633 3733 1712 3812 frag·

938 3825 1043 3885 urentis
1056 3822 1214 3901 conjuncta
1222 3841 1369 3903 apponere
1379 3820 1474 3894 uolui,
1486 3840 1588 3880 eorum
1600 3823 1712 3881 scilicet

938 3933 1060 3988 memor,
1073 3932 1140 3992 quae
1152 3911 1313 3971 rectissime
1325 3909 1713 3970 contraSchneidewinuma

939 4002 972 4063 C.
994 4001 1118 4061 llliillero
1141 4002 1173 4059 in
1195 3999 1309 4078 Fragm.
1329 3999 1404 4059 llist.
1431 4019 1474 4076 gr.
1497 4012 1520 4061 t.
1547 3997 1585 4073 ll,
1606 4020 1636 4078 p.
1654 4009 1711 4068 col

938 4091 1086 4168 disputata
1100 4103 1183 4163 sunt,
1198 4087 1282 4166 cujus
1293 4087 1356 4147 haec
1369 4102 1438 4152 sunt
1454 4087 1545 4147 verba
1561 4109 1568 4145 :
1589 4115 1602 4139 ι
1620 4088 1714 4165 lgitur

939 4178 1019 4259 qnod
1040 4179 1074 4237 in
1097 4179 1264 4254 fragruentis
1280 4176 1366 4255 (scil.
1383 4175 1561 4255 lleraclidis)
1573 4177 1713 4235 nonnulla

940 4265 1092 4342 leguntur,
1103 4285 1167 4343 qua
1176 4262 1269 4323 rerbo
1280 4276 1362 4324 mnus
1372 4263 1434 4323 iere
1447 4283 1485 4323 ex
1495 4265 1651 4322 Aristotele
1663 4265 1713 4323 de·

940 4355 1049 4432 scripta
1062 4365 1140 4424 sunt,
1156 4373 1194 4412 cx
1206 4371 1242 4412 eo
1260 4372 1313 4433 por
1332 4371 1365 4412 se
1385 4353 1507 4412 minime
1523 4355 1715 4430 consequitur

940 4440 1055 4519 reliqua
1074 4445 1187 4517 omnia,
1206 4461 1271 4519 quae
1290 4441 1322 4499 in
1344 4460 1503 4500 summare
1519 4461 1579 4500 non
1598 4441 1714 4500 dissen-

941 4530 1020 4588 tiunt
1029 4527 1067 4587 ab
1080 4528 1253 4603 Aristotele,
1269 4542 1419 4609 totumque
1431 4528 1503 4587 adeo
1519 4527 1666 4603 libellum,
1679 4548 1715 4587 ex

941 4616 1099 4677 Aristotele
1106 4635 1170 4676 esse
1178 4630 1325 4696 excerpta,
1343 4643 1356 4671 s
1372 4616 1442 4676 licet
1458 4615 1640 4692 argumentis
1653 4617 1716 4694 qui-

941 4702 997 4762 bus
1009 4705 1042 4763 in
1057 4703 1112 4762 hac
1136 4723 1170 4762 re
1194 4724 1265 4765 usus
1289 4719 1333 4766 est
1355 4705 1402 4763 vir
1421 4702 1611 4763 doctissimus
1624 4723 1714 4781 quum

941 4793 980 4851 ita
1003 4805 1127 4872 pergat:
1153 4819 1166 4845 ι
1189 4793 1391 4854 Adversantur
1409 4806 1505 4853 autem
1519 4794 1588 4852 huic
1602 4807 1716 4852 senten-

942 4881 989 4939 tiae
1007 4894 1037 4939 et
1059 4880 1220 4942 lleraclidis
1245 4901 1368 4954 nomen,
1392 4881 1472 4961 quod
1492 4881 1608 4942 codices
1621 4882 1715 4959 proli·

942 4980 1051 5041 tentor,
1069 4981 1099 5027 et
1120 4968 1236 5031 ordinis
1257 4970 1384 5031 delecms
1397 4973 1427 5028 in
1448 4971 1523 5028 serie
1541 4967 1714 5027 Politiarum

942 5055 1129 5132 conspicuus,
1149 5085 1161 5111 ο
1178 5058 1231 5116 vix
1243 5070 1353 5119 tantum
1368 5056 1535 5128 tribuerim.
