4017 5984
245 419 284 478 54
793 422 1037 488 aristotelis
1060 430 1309 494 FRAGMENTA.

218 579 220 586 ·
243 547 309 628 ε’χει.
326 547 413 608 Πόλιν
434 551 451 617 ἡ
472 545 552 618 νεάτη
567 552 613 620 τῆς
632 548 732 621 isim:
747 553 874 613 διπλασία
894 557 1017 629 ἔστίν,ἠ
1047 581 1052 632 ι
1077 553 1156 621 αὗται
1170 565 1334 624 ίπιτιλοῦσιν
1354 568 1402 625 cia
1416 565 1478 626 άνευ
1496 566 1638 648 ἁρμονίας,
1658 569 1781 638 ἐλάττους
1801 571 1849 647 μὲν

243 637 270 694 δὲ
284 635 428 712 stipatim
447 639 494 708 τῆς
506 634 608 709 bullivit
622 636 754 716 ἡμιόλιος,
769 643 786 711 ἡ
799 639 826 698 δί
837 645 907 718 μέση
916 643 1018 726 ἐπίερι·
1075 649 1179 709 ἐκείνων
1193 643 1283 727 σ’όσαι,
1296 656 1343 712 οὐκ
1361 654 1415 713 άπο
1435 654 1458 714 δ’
1471 655 1586 714 ἐκείνων·
1600 659 1697 718 ἐκεῖναι
1717 660 1769 740 γάρ
1793 660 1852 736 ἅμα

241 747 285 828 τοι
297 722 361 805 πρὸς
375 723 477 796 filiiflii
490 721 633 803 ἥρμοσταί·
650 725 704 786 Καὶ
723 731 777 793 τοῖς
797 726 845 806 μίν
862 730 954 810 μίρεσι
973 735 1020 793 καὶ
1075 743 1134 798 θεοῦ
1145 740 1277 823 παρουσίφ
1290 744 1517 823 παραγιγνόμεναι
1528 748 1582 812 τοῖς
1594 744 1702 824 σώμασι
1717 748 1786 808 κατά
1803 751 1851 809 λσ-

243 833 297 878 τθῑί
317 811 429 884 chitrei
450 811 497 870 “l
517 812 576 871 'isti’
593 812 792 893 Ἇρῑσῑθῖίθηθ
814 815 926 899 {lilith
940 819 1022 889 utrm
1075 828 1185 905 γισμθν,
1198 829 1310 909 ἰσχυρόν
1321 853 1350 890 τε
1362 831 1407 890 καί
1420 830 1506 904 καλὴν
1522 831 1598 913 φύσιν
1612 833 1702 914 ἔχουσι
1717 837 1764 914 (c.
1779 839 1845 916 26).

240 897 337 978 ἔχουσα
349 899 447 982 πέφυκε
465 901 505 978 (c.
524 901 587 980 ab).
604 899 752 976 Συνίατηκε
766 901 794 963 δέ
807 905 978 986 φυσικώτατα
991 904 1022 964 ἔκ
1075 915 1196 996 metaph
1214 909 1257 976 οὖν
1272 920 1302 977 ἐχ
1315 919 1415 980 τρίτων
1427 919 1467 979 ὅτι
1482 921 1535 989 ui<
1548 923 1671 991 παλαιοῖς
1685 927 1737 983 τῶν
1749 925 1851 999 Ἑλλή.

239 1011 268 1046 τε
281 991 326 1058 τῆς
341 987 450 1068 ἀπείρου
464 987 510 1046 καί
524 988 697 1068 περαινσιίοης
717 991 763 1050 καί
775 993 805 1051 br
825 995 871 1064 τῆς
889 994 1018 1069 &priona-
1073 1027 1125 1063 οων
1147 1005 1253 1074 εἰκότως
1273 1007 1390 1085 μάλιστα
1411 1006 1517 1067 πάντων
1534 1009 1648 1088 epam
1662 1015 1852 1075 πεπωδεησφα,

242 1074 331 1153 ρίσσου
348 1076 465 1154 φύσεως,
481 1075 527 1134 καί
542 1075 609 1148 αὐτὴ
626 1077 671 1138 καί
686 1079 803 1160 τὰμέρη
825 1082 906 1153 αθτῆς
919 1081 1018 1142 πάντα·
1075 1097 1212 1173 pomis,

207 1243 212 1252 1
239 1161 306 1234 αὐτὴ
321 1160 369 1237 μὲν
380 1163 432 1240 γάρ
445 1161 494 1234 όλη
515 1163 593 1242 ἀρτία
609 1162 681 1238 ἐστί,
696 1168 860 1249 τετραμερὴς
878 1159 945 1228 ulca
965 1171 1020 1238 τοῖς

238 1249 318 1327 θροις,
328 1249 362 1308 ιθ
373 1251 400 1310 δὲ
411 1249 479 1328 μίρη
491 1250 624 1322 αὐτῆςναί
634 1253 657 1310 ol
670 1249 743 1330 λόγοι
753 1252 836 1333 όρτιοι
850 1253 895 1314 καί
907 1257 1026 1333 περισσοὶ

237 1338 283 1396 καί
298 1336 502 1417 ἀρτιοπέρισσοι·
517 1334 564 1408 τήν
580 1337 628 1414 μὲν
642 1335 694 1418 γάρ
708 1338 801 1414 νεάτην
815 1340 871 1419 ἔχει
884 1341 978 1420 θρτίαν
990 1342 1021 1400 ta

238 1424 338 1484 δώδεκα
350 1424 469 1502 μονάδων
480 1469 488 1499 ,
500 1425 548 1494 τήν
558 1424 586 1482 δὲ
594 1425 753 1503 παραμέσην
766 1427 896 1506 περισσὴν
906 1426 933 1496 ἐξ
944 1427 1020 1486 ίννία

1393 1309 1541 1391 ¹¹·(r⁶·l

238 1512 376 1588 μονάδων,
392 1511 439 1583 τήν
455 1512 481 1570 δὲ
493 1511 575 1587 picei
585 1513 676 1592 άρτίαν
691 1514 717 1584 ἐξ
731 1511 801 1574 θκτίυ
815 1515 934 1592 μονάδων
946 1558 954 1589 ,
968 1514 1018 1586 τήν
1112 1513 1246 1570 Clemens
1259 1510 1474 1583 classicum,
1487 1511 1580 1584 Vl,6,
1602 1511 1638 1570 53
1654 1509 1809 1592 t'Ieldorprlr
1821 1538 1850 1572 τε

236 1601 263 1659 δὲ
274 1599 587 1680 ὗπάτηνοίρτιοπίρισσυν
604 1601 631 1670 ἓξ
644 1603 764 1680 μονάδων
779 1594 871 1665 οὖσαν.
889 1602 969 1664 Οὕτω
984 1603 1013 1665 δὲ
1073 1599 1253 1661 όΒασιλείδου
1267 1598 1320 1664 uti<
1338 1598 1395 1675 άμα
1409 1598 1454 1657 καί
1464 1597 1585 1675 μαθητής
1595 1602 1622 1658 ἐν
1633 1601 1672 1679 τῷ
1686 1600 1784 1682 πρώτῳ
1798 1606 1851 1660 τῶν

236 1697 367 1768 πεφυκυῖα
382 1689 447 1760 αιἰεή
458 1711 485 1746 τε
498 1688 542 1747 καὶ
553 1689 585 1746 τά
601 1687 668 1771 μέρη
679 1691 759 1762 αὐτῆς
772 1689 835 1770 πρὸς
847 1691 951 1762 ἄλληλα
961 1699 1019 1756 ταῖς
1072 1693 1118 1748 τοῦ
1128 1687 1263 1767 προφήτου
1279 1686 1398 1768 Πυργὼρ
1414 1686 1595 1764 'imperiur
1613 1688 1659 1746 καὶ
1686 1688 1761 1757 αὐτὸς
1780 1691 1850 1749 κατὰ

236 1778 378 1855 ὑπεροχαῖς
388 1799 416 1834 τε
427 1776 472 1832 καὶ
484 1783 537 1842 τοῖς
552 1775 646 1855 λόγοις,
658 1775 706 1848 iic
718 1800 746 1836 τε
753 1777 801 1850 όλη
811 1777 857 1836 καί
867 1781 920 1845 τοῖς
927 1778 1019 1857 μέρεσι
1072 1776 1140 1843 λέξιν
1154 1775 1262 1856 γράφει·
1278 1800 1292 1827 ι
1304 1775 1380 1835 Φασὶ
1395 1775 1422 1833 δὲ
1437 1779 1462 1833 σί
1476 1775 1589 1836 Ἀττικοί
1611 1778 1779 1852 μεμηνῦσθαί
1791 1801 1850 1837 τινα

236 1871 371 1946 συμφωνεῖ
383 1867 426 1943 (c.
441 1865 507 1943 οὔ).
521 1865 600 1923 ’hill
615 1864 668 1942 μήν
682 1866 727 1923 καί
738 1870 764 1925 αἱ
779 1867 913 1939 αἰσθήσεις
925 1869 954 1925 αἱ
965 1877 1019 1934 τοῖς
1072 1865 1211 1945 Σωκράτει
1230 1863 1415 1944 παρεπομένου
1438 1863 1561 1941 δαίμονος
1584 1866 1672 1944 αὐτῷ,
1694 1864 1740 1923 καί
1755 1865 1829 1946 ,Ἀρι
1839 1900 1850 1912 ·

236 1952 355 2029 σώμασιν
366 1952 547 2032 ἐγγιγνόμεναι
558 1951 601 2010 διά
609 1952 657 2024 τήν
665 1953 794 2032 ἁρμονίαν
805 1957 832 2014 αἱ
841 1955 889 2032 μὲν
898 1953 1019 2035 οὐράνιαι
1072 1951 1347 2028 στοτέληςδαίμοσι
1355 1953 1500 2032 κεχρῆσθαι
1510 1950 1612 2018 πάντας
1625 1951 1850 2032 άνθρώπσυςλέγει

235 2046 302 2100 θεῖαι
316 2031 488 2118 adaequarit
503 2045 560 2099 θεοῦ
575 2039 622 2112 τὴν
638 2041 758 2113 αἴσθησιν
773 2043 955 2121 παρεχόμεναι
964 2042 1018 2109 τοῖς
1072 2045 1279 2120 συνομαρτσῦαιν
1302 2039 1390 2106 αὐτοῖς
1413 2037 1487 2116 παρὰ
1514 2038 1559 2097 τὸν
1582 2038 1677 2121 χρόνον
1700 2042 1747 2110 τῆς
1770 2041 1852 2099 ε’ναω·

236 2128 387 2210 ἀνθρώποις,
398 2129 456 2209 όψις
467 2152 494 2186 τε
504 2128 549 2188 καί
561 2129 637 2203 ἀκοή,
646 2128 712 2202 μετά
723 2133 808 2208 φωνῆς
818 2130 863 2188 καί
875 2128 959 2212 φωτθς
970 2129 1018 2201 τήν
1073 2127 1231 2203 ματόνσεως,
1256 2126 1417 2209 προφητικὸν
1445 2133 1523 2186 τοῦτο
1553 2127 1666 2204 μάθημα
1690 2128 1781 2187 inibi
1805 2131 1850 2188 καὶ

236 2213 364 2294 ἁρμονίαν
384 2215 557 2294 ἐπιφαίνουσι·
573 2213 618 2272 καί
633 2213 1014 2290 litaniamascendunt,
1070 2214 1246 2292 καταθέμενος
1268 2216 1305 2280 είς
1326 2219 1360 2272 τά
1377 2216 1469 2273 ἑαυτοῦ
1495 2212 1603 2293 βιόλία,
1625 2213 1663 2290 μὴ
1684 2216 1851 2296 ὁμολογήσας

234 2295 253 2381 ᾗ
267 2301 411 2376 αἰσθήσεις,
424 2301 483 2360 καθ’
498 2301 624 2380 ἁρμονίαν
637 2311 790 2362 συνεστᾶσι·
806 2303 893 2362 πάντα
905 2303 956 2384 γὰρ
968 2304 1014 2364 καὶ
1042 2240 1048 2358 ί
1069 2302 1127 2361 ὅθεν
1142 2302 1262 2382 ὑφείλετο
1276 2300 1320 2360 τὸν
1336 2302 1412 2378 λόγον
1425 2307 1522 2361 τοῦτον.
1541 2327 1554 2354 ι

235 2513 316 2564 diuina
329 2517 354 2564 et
368 2513 476 2577 pulchra.
498 2515 579 2571 Quum
596 2515 677 2562 autem
692 2513 724 2563 sit
745 2513 859 2564 facultate
873 2513 1016 2578 quadripar·
1069 2513 1101 2563 ad
1115 2514 1228 2577 hypatum
1240 2517 1278 2563 est
1295 2511 1455 2577 sesquitertia.
1470 2514 1516 2582 ills
1527 2525 1585 2578 ergo
1597 2513 1704 2576 partibus
1719 2517 1791 2577 atque
1804 2527 1850 2564 nu-

234 2587 292 2665 illa,
306 2603 367 2654 duas
377 2604 449 2654 habat
457 2602 604 2664 medietates,
617 2602 791 2654 arithmeticam
800 2605 824 2653 et
836 2602 1015 2666 harmonicam
1070 2603 1143 2652 meris
1155 2601 1279 2651 harmonia
1289 2601 1320 2651 dc
1332 2600 1465 2653 Aristotelis
1477 2601 1594 2652 sententia
1607 2603 1768 2665 componitur.
1780 2602 1848 2652 idern
1862 2643 1866 2650 .

234 2695 381 2754 apparetque
400 2692 480 2749 partes
502 2689 567 2752 ejus,
588 2689 765 2754 magnitudines
788 2692 812 2740 ei
833 2689 1016 2754 exsuperantius
1068 2695 1160 2758 optime
1176 2707 1207 2743 er
1225 2693 1311 2744 lulinlti
1333 2695 1359 2744 et
1377 2693 1450 2755 inlu,
1467 2693 1531 2758 paris
1549 2695 1574 2744 et
1595 2692 1707 2757 imparis,
1720 2697 1792 2758 atque
1805 2708 1848 2758 pa-

233 2780 506 2830 numeruetmensurae
518 2777 786 2842 aequalltaieconslare.
804 2779 866 2828 Nam
881 2777 906 2826 ln
920 2776 1015 2828 duobus
1069 2782 1127 2832 riter
1147 2781 1245 2845 imparis
1263 2784 1350 2832 natura
1370 2782 1472 2832 undem
1497 2782 1623 2832 constituit
1641 2781 1741 2845 eiusque
1758 2789 1847 2846 partes.

233 2866 415 2930 quadrichordis
431 2865 555 2916 cantilenae
573 2879 617 2916 sua
633 2865 795 2916 modulatione
806 2865 986 2916 muciuuautur.
1000 2883 1013 2908 ν
1067 2873 1129 2920 Tota
1138 2869 1203 2920 culm
1215 2881 1258 2932 pur
1273 2871 1323 2930 cst,
1336 2881 1413 2931 quum
1425 2869 1520 2918 constet
1530 2869 1644 2931 quattuor
1655 2867 1782 2920 terminis:
1795 2883 1848 2934 par·

233 2957 312 3021 Atqm
323 2957 376 3008 haec
390 2957 536 3008 suntrerbls
552 2957 604 3018 aius
618 2969 745 3021 expressa.
763 2958 858 3020 Corpus
872 2969 945 3019 porro
961 2959 1014 3016 ejus
1068 2957 1187 3022 tcslpslus
1196 2955 1390 3020 proportionibus
1399 2954 1561 3018 contuentur,
1571 2969 1677 3019 quoruru
1687 2956 1783 3008 termini
1792 2961 1849 3006 eunt

232 3045 412 3096 constarcdlclt
426 3058 456 3094 ex
473 3045 582 3108 partibus
593 3044 765 3106 dissimilibus,
784 3043 826 3094 sed
838 3057 894 3106 quae
912 3042 974 3094 luter
987 3057 1015 3094 se
1068 3059 1152 3110 pares,
1169 3045 1286 3109 impares,
1304 3045 1440 3108 pariterque
1450 3045 1562 3108 impares.
1576 3047 1637 3095 Nate
1654 3045 1717 3095 euim
1734 3059 1778 3107 par
1793 3049 1847 3105 eat,

233 3135 374 3196 consonent,
385 3131 444 3196 quin
455 3134 480 3182 ct
498 3131 639 3182 mulietatcs
650 3144 733 3181 earum
752 3130 901 3181 arithmetica
913 3144 1014 3194 propor—
1067 3133 1123 3197 quia
1136 3135 1183 3182 xit
1201 3145 1303 3183 numeru
1321 3131 1472 3194 exprimitur,
1489 3143 1614 3193 paramese
1627 3131 1715 3194 impar,
1728 3133 1786 3194 quia
1801 3134 1845 3194 tx,

232 3221 297 3271 boue
312 3221 456 3270 consentire.
472 3221 533 3270 tiam
550 3219 599 3268 lma
616 3217 707 3268 chorda
722 3219 752 3266 ad
770 3231 892 3268 suminam
912 3231 1013 3282 proper·
1067 3234 1135 3271 meaa
1152 3221 1241 3282 pariter
1260 3233 1313 3283 par,
1329 3220 1385 3283 qula
1399 3221 1466 3268 vill.
1483 3219 1526 3269 ttls
1544 3231 1602 3282 erge
1622 3218 1755 3270 rationibus
1775 3221 1848 3284 atque

232 3309 297 3359 tione
307 3305 381 3370 dupla
392 3307 503 3367 οοεοιιίε,
514 3305 599 3356 melici
610 3305 724 3369 diapason
736 3306 925 3367 consonantiam,
938 3319 1013 3370 quum
1067 3308 1175 3372 partibus
1194 3308 1296 3358 multata
1320 3306 1460 3369 harmonia,
1477 3305 1523 3356 eibi
1540 3306 1600 3366 toti,
1616 3306 1777 3370 omnibusque
1789 3321 1847 3371 par·

154 3433 161 3446 ,
232 3396 320 3460 hypate
337 3396 384 3455 vi,
409 3395 465 3445 neta
481 3395 527 3443 itti
548 3404 650 3443 numero
671 3395 864 3456 representatur.
886 3395 1014 3445 Paramese
1067 3395 1131 3447 tibus
1149 3397 1274 3445 σοοιοσαί.
1292 3393 1341 3444 sed
1356 3396 1380 3444 et
1394 3407 1489 3456 εειιευι,
1501 3394 1543 3458 qul
1557 3395 1748 3446 obbarruunlam
1760 3409 1847 3458 mipo-

233 3482 389 3547 sesquialtera
418 3482 574 3546 proportione
604 3481 701 3544 lappelee
723 3479 867 3546 respondet,
888 3481 958 3544 eique
978 3482 1013 3530 ix
1067 3484 1133 3535 ribus
1153 3484 1227 3534 innati
1242 3485 1314 3546 sunt,
1327 3481 1437 3533 ctelmtes
1457 3482 1498 3532 alii
1516 3485 1542 3534 ct
1558 3482 1646 3544 dirici,
1667 3484 1783 3547 quicum
1801 3485 1847 3535 deu

232 3583 378 3635 congruere,
392 3569 481 3620 media
496 3571 555 3622 tilii
566 3569 684 3620 diximus.
702 3571 734 3619 ht
747 3569 811 3620 enlm
825 3569 950 3621 intervalia
961 3581 1014 3620 mu·
1031 3613 1034 3617 .
1067 3583 1166 3622 emaum
1177 3571 1286 3636 praebent
1298 3570 1436 3621 horninibus
1446 3570 1514 3620 ιίειιε
1525 3572 1550 3621 et
1561 3570 1672 3632 auditus,
1681 3585 1738 3622 curu
1752 3585 1812 3622 roca
1823 3577 1847 3622 et

233 3659 290 3709 slcae
308 3659 428 3722 precipua
447 3661 560 3709 censure
574 3657 612 3707 his
632 3655 764 3708 rationibus
782 3659 875 3708 certum
889 3658 944 3718 est,
958 3656 1012 3706 dia·
1067 3660 1156 3711 lumine
1167 3660 1317 3710 harmoniam
1329 3658 1482 3710 ostendum:
1501 3660 1526 3709 et
1536 3658 1577 3708 alii
1590 3671 1690 3720 ιεοευι,
1706 3659 1793 3710 berum
1804 3673 1845 3712 co·

233 3749 343 3798 ίειεοτοιι
354 3747 517 3810 sesquitertia,
534 3745 646 3811 diapente
659 3746 824 3810 cumulatiora,
840 3745 955 3810 diapason
968 3746 1014 3795 du·
1067 3749 1147 3809 mites,
1159 3750 1276 3812 quatenus
1294 3760 1380 3799 senem
1390 3749 1460 3810 sunt,
1476 3747 1610 3798 εεσυιιιίοω
1621 3746 1772 3800 harmonian
1787 3761 1847 3798 oon-

191 3895 193 3902 *
233 3835 271 3898 pla
282 3834 437 3898 proportione
453 3855 459 3886 ι
476 3833 571 3885 interim
587 3834 660 3885 etlam
672 3833 810 3886 cunmrrari
830 3834 946 3885 rationem
960 3847 1013 3884 scs·
1067 3839 1141 3888 ιίισί.
1151 3835 1216 3888 uiuit
1224 3836 1288 3887 enirn
1300 3849 1331 3887 ue
1343 3835 1390 3901 ipsi
1398 3835 1495 3899 quidem
1503 3833 1556 3886 sine
1564 3836 1688 3888 hamonis
1698 3836 1826 3886 conluunt
1838 3855 1845 3885 :

231 3922 397 3986 quiuctaram,
414 3921 492 3986 quails
512 3924 550 3974 cst
566 3925 600 3974 rx
620 3921 650 3972 ad
665 3925 723 3973 vill
742 3923 767 3972 et
784 3923 869 3972 tonum
891 3920 1012 3986 exprimit.
1066 3927 1173 3977 minores
1186 3937 1245 3976 sane
1259 3925 1322 3986 iltis,
1331 3938 1380 3976 nou
1392 3926 1473 3975 tamen
1481 3924 1573 3988 absque
1583 3924 1638 3976 illis.
1648 3924 1685 3976 llll
1696 3925 1759 3976 εοίιπ
1774 3923 1846 3973 droul

231 4013 285 4062 tam
306 4009 331 4060 iil
345 4023 441 4074 quoque
454 4010 556 4072 accidit,
570 4014 597 4060 ui
612 4009 759 4061 harrnonlcte
774 4011 854 4074 partes
869 4021 884 4059 a
902 4008 1014 4072 paribus
1066 4028 1123 4065 cum
1141 4014 1247 4066 advectu
1267 4013 1306 4065 del
1324 4015 1414 4078 praesto
1430 4013 1518 4064 adsunt
1532 4013 1600 4075 iuxta
1617 4012 1748 4074 rationem,
1761 4014 1786 4062 et
1801 4025 1845 4060 ra·

231 4103 255 4151 et
265 4099 408 4151 medietates
420 4098 610 4150 amelietatlbus
621 4097 753 4150 amandum
763 4111 891 4150 excessum
899 4097 1013 4148 arithm·
1066 4103 1139 4155 iidem
1155 4102 1329 4167 pulchramque
1338 4100 1429 4152 bahem
1441 4103 1561 4152 naturam.
1573 4102 1650 4150 rouo
1662 4101 1743 4150 autern
1756 4112 1788 4149 ex
1807 4098 1845 4148 his

231 4191 306 4240 ticum
315 4192 340 4241 et
348 4189 397 4240 rim
410 4189 577 4254 geometricam
590 4192 734 4254 superentur
746 4189 878 4254 atqucipsa
889 4190 1013 4253 superent.
1066 4193 1164 4255 pianum
1177 4190 1218 4251 tit,
1230 4190 1314 4253 primis
1323 4189 1415 4242 Graecis
1423 4187 1488 4240 haud
1507 4187 1592 4249 injuria
1603 4187 1627 4236 id
1640 4186 1768 4251 precipue
1777 4199 1843 4238 corea

232 4279 310 4340 Atque
320 4275 365 4326 has
386 4276 544 4340 proprietates
561 4277 598 4326 alc
609 4276 715 4326 declarat
730 4277 872 4328 anshtetes
887 4291 895 4326 ε
915 4278 944 4326 ut
956 4279 1014 4326 nata
1067 4280 1150 4342 irrisae,
1163 4281 1191 4330 ui
1204 4279 1304 4330 leuuca
1322 4278 1453 4343 discipliuae
1463 4275 1628 4327 adolescentes
1638 4274 1781 4326 imbuerent.

231 4365 321 4416 triente
340 4366 417 4427 major
439 4365 490 4429 sul,
507 4377 580 4429 quam
597 4379 672 4429 mese,
687 4366 719 4417 sit
737 4386 743 4416 ε
761 4365 887 4417 cicadam
905 4364 1015 4428 portione
1834 4370 1837 4374 “

232 4467 357 4517 paramese
369 4453 473 4517 hypaten
489 4453 597 4504 excedat.
612 4455 695 4517 ltaque
709 4454 793 4504 relatio
812 4453 924 4517 quaedam
939 4451 1013 4504 inter·
1434 4458 1471 4504 tt.

230 4541 367 4600 vallorum,
384 4540 435 4591 slve
455 4539 636 4603 discriminum,
656 4540 805 4601 conficiatur,
819 4553 894 4604 quum
916 4537 1014 4590 termini

232 4629 365 4693 equalibus
387 4628 538 4692 portionibus
561 4632 675 4694 superent
700 4641 793 4680 mamm
815 4631 841 4679 et
862 4639 1012 4692 paramesen
1097 4623 1203 4675 isidorus
1215 4611 1325 4674 Badtidla
1336 4621 1408 4672 simut
1419 4619 1483 4670 iilius
1494 4621 1520 4670 εί
1532 4618 1675 4683 discipulus,
1686 4618 1711 4668 ln
1724 4618 1800 4681 primo
1812 4617 1842 4667 ll·

232 4717 256 4764 et
269 4714 322 4763 aliis
339 4715 483 4777 superentur
504 4733 510 4763 ε
527 4713 653 4778 utrobique
665 4714 822 4778 sesquialtera
840 4714 865 4763 et
882 4713 1012 4776 semiliter·
1065 4713 1109 4764 bru
1123 4711 1306 4778 Expositluuum
1318 4708 1447 4772 Prophetae
1461 4706 1566 4758 Parchor
1578 4706 1630 4771 lpse
1648 4718 1746 4770 quoque
1758 4705 1843 4756 scribit

232 4801 264 4853 tie
284 4801 476 4866 proportionibus
495 4815 546 4851 rem
557 4801 701 4866 gerentibus.
714 4805 793 4866 litque
811 4801 864 4851 haec
875 4805 926 4863 est,
938 4814 1011 4866 quam
1064 4801 1094 4850 ad
1115 4801 1216 4851 uerbum
1236 4819 1243 4851 ε
1262 4820 1274 4842 «
1296 4797 1384 4848 Dicunt
1396 4797 1479 4848 autem
1496 4794 1567 4846 attici
1580 4793 1692 4858 quaedam
1710 4792 1842 4858 significata

231 4889 394 4940 harmonicam
419 4891 507 4939 vocant
535 4889 678 4940 acchonem.
707 4889 766 4940 tiele
788 4891 869 4939 autem
884 4880 905 4938 'a
927 4902 1010 4949 mesa,
1063 4888 1137 4940 luisse
1159 4888 1265 4950 socrate
1285 4886 1396 4936 demone
1414 4898 1470 4935 eum
1489 4885 1662 4948 consequente.
1683 4881 1745 4932 llicit
1768 4881 1841 4932 etlam

232 4982 256 5028 et
272 4990 397 5041 paramese
415 4977 446 5027 ah
461 4977 566 5041 hypata,
582 4976 739 5026 arithmeticis
759 4976 940 5026 intervallorum
960 4977 1010 5026 dls·
1062 4975 1219 5038 Aristoteles,
1231 4988 1317 5026 omncs
1335 4973 1445 5024 homiues
1460 4973 1495 5023 uti
1513 4970 1677 5034 daemonibus,
1690 4970 1733 5034 qui
1748 4984 1791 5022 eoa
1803 4962 1839 5022 aa·

232 5065 372 5117 criminibus
391 5065 488 5116 distant
507 5069 567 5116 llam
587 5077 713 5130 paramese
732 5077 824 5115 masam
844 5064 1010 5128 sesquioctava
1062 5066 1168 5126 quuutur
1180 5065 1329 5126 eotempore
1337 5074 1386 5123 quo
1402 5059 1505 5124 migrem
1517 5059 1657 5124 incorpus,
1673 5070 1746 5122 quam
1764 5071 1840 5122 quum

232 5158 323 5207 ratione
336 5155 438 5207 excedit.
452 5159 558 5207 Rursum
574 5159 629 5206 nete
640 5155 669 5204 ad
689 5154 803 5218 hypatum
814 5153 888 5218 dupla
901 5156 952 5216 est,
966 5167 1009 5217 pa·
1061 5152 1210 5217 aprophetis
1220 5151 1351 5215 accepisset
1369 5149 1518 5212 dwiduaru,
1532 5151 1557 5200 ct
1572 5148 1597 5200 in
1610 5161 1669 5200 auos
1680 5147 1839 5199 tramtullssei

233 5259 348 5296 reimsnm
361 5244 449 5308 hypata
463 5245 537 5296 semel
550 5244 648 5308 ejusque
668 5243 793 5294 semissem
804 5241 883 5307 ralei;
901 5245 925 5293 et
942 5255 1010 5292 mesa
1061 5239 1152 5302 libros,
1170 5253 1218 5289 uon
1233 5242 1312 5289 umen
1322 5237 1387 5289 unde
1403 5238 1535 5301 accepisset
1546 5249 1601 5289 eam
1612 5234 1748 5288 muitetur.
1762 5255 1776 5282 ν
