4017 5984
93 331 97 336 ·
187 385 247 446 246
733 375 977 438 ARISTOTELIS
999 375 1250 440 FRAGMENTA.

186 515 232 576 καί
246 513 306 582 τοδς
318 511 411 590 νόμους
425 509 470 570 καί
483 509 530 576 τδις
544 508 626 578 dide<
642 508 744 576 πίστεις
766 507 897 590 ἑκατέρων
911 511 962 586 ίμ·
1018 509 1156 571 Photium
1181 531 1214 591 p.
1242 513 1293 586 46,
1322 533 1358 590 19
1383 526 1413 573 et
1438 513 1560 574 Suidatu
1581 535 1608 576 ε.
1630 536 1662 579 v.
1682 516 1798 601 Ἐχῖνοι.

186 601 310 668 δαλίντις
323 601 360 667 εἰς
372 598 513 664 καδίσκους
526 595 572 656 καί
590 597 772 678 σημηνάμενοι
788 596 963 676 παρεδίδοσαν
1017 600 1120 664 Tertia
1146 613 1287 680 preterea
1312 600 1410 678 glossa
1436 603 1518 681 apud
1541 601 1681 663 Pharium
1705 620 1801 668 eum

185 689 240 758 τοῖς
260 689 433 766 είσαγωγεῦσι
457 687 509 744 τῶν
531 685 619 744 δικῶν.
641 681 720 765 Λίγει
741 682 769 745 δί
792 684 853 766 περί
876 687 963 770 αὐτῶν
1018 709 1050 768 p.
1066 690 1116 763 ηδ,
1130 707 1191 749 ro:
1211 685 1343 768 Ἐχίνος
1359 710 1366 746 ι
1382 689 1519 755 Καδίσκος
1531 688 1570 758 τίς
1592 692 1649 752 lect
1662 694 1800 772 χαλκοῦς,

185 773 464 859 Ἀριστοτίληςέν
480 771 622 845 Ἀθηναίων
638 772 776 854 Πολιτείιγ.
1018 779 1055 845 εἰς
1076 775 1105 836 δν
1127 775 1158 834 ai
1177 800 1208 838 τε
1229 775 1373 856 μαρτυρίαι
1386 776 1432 837 καλ
1450 778 1480 836 ol
1492 778 1652 858 προκλήσεις
1671 780 1803 864 ίγγραφοε

224 863 332 927 Eadem
342 861 452 921 omisso
467 860 635 920 Aristotelis
647 860 767 920 nomine
778 859 883 920 Suidas
895 881 918 920 s.
930 883 960 920 v.
1017 862 1189 925 δνεδάλλοντο
1198 863 1249 924 ὑπὸ
1258 868 1310 923 τῶν
1324 863 1509 944 δικαζομένων·
1517 866 1563 926 καί
1571 869 1803 946 κατιαημαίνοντο

183 951 383 1024 Pollulell,
403 952 458 1010 126
476 969 483 1013 ε
503 948 644 1022 Διαιτηταί
657 948 682 1009 δ’
695 952 726 1009 ἐκ
745 952 797 1009 τῶν
813 947 880 1031 δπίρ
897 947 963 1021 ilri-
1015 949 1061 1010 ίνα
1074 951 1167 1028 μηδείς
1189 950 1360 1031 κακουργήση
1374 952 1436 1032 περί
1454 951 1489 1012 τά
1510 954 1717 1033 δμάαλλόμινα,
1731 979 1802 1037 quas

183 1064 263 1104 κοντα
282 1039 329 1114 ίτη
350 1037 494 1119 γεγονότων
514 1039 690 1118 ίκληροῶντο,
704 1037 751 1099 καί
771 1040 962 1120 δπεκληροῦντο
1017 1039 1121 1100 iisdem
1143 1040 1203 1100 lere
1221 1039 1320 1100 verbis
1338 1039 1370 1099 in
1388 1038 1488 1102 lexic.
1502 1039 1587 1103 libet.
1600 1041 1667 1122 ὅσα.
1684 1064 1714 1123 μ.
1725 1046 1800 1118 258,

185 1135 269 1199 αὐτοῖς
288 1132 315 1190 αἱ
330 1127 442 1203 δίαιται,
457 1127 503 1188 καί
516 1126 608 1206 ἀτιμία
632 1126 766 1212 δφῶριστο
783 1132 821 1210 τῷ
842 1127 960 1208 μήδεαι·
1017 1127 1192 1204 dieguutur
1216 1126 1299 1188 etin
1327 1125 1458 1206 Etymol.
1482 1128 1525 1189 M.
1548 1149 1580 1209 p.
1597 1138 1669 1208 dot,
1684 1133 1733 1201 bl..
1748 1132 1796 1194 Cl,

105 1279 110 1288 ,
182 1220 294 1292 τήσαντι
317 1214 365 1290 τήν
392 1218 616 1296 ἔπικληροιδεῖσαν
641 1214 752 1276 δίαιταν.
781 1215 884 1297 Διήτων
911 1217 962 1296 (itu
1015 1213 1121 1274 Pollux
1131 1214 1215 1288 Vlll,
1231 1236 1305 1289 127:
1321 1212 1425 1297 Ἐχίνας
1442 1213 1469 1274 dl
1485 1215 1601 1296 (άγγεῑάν
1614 1218 1708 1300 lustr),
1724 1210 1753 1279 οδ
1768 1224 1800 1279 αἱ

185 1307 338 1379 Kuhnius,
347 1323 364 1364 e
373 1302 542 1383 oonJ'ectura
554 1324 610 1383 pro
625 1303 688 1384 τῶν)
698 1301 722 1362 δ’
731 1305 758 1363 lv
769 1305 855 1383 ίεροῖτ.
869 1303 962 1366 Πάλαι
1016 1300 1158 1384 μαρτυρίαι
1168 1301 1341 1380 ίμάκηθεῖσαι
1354 1303 1588 1380 κατεσημαίνοντο.

183 1396 206 1454 δ’
218 1392 329 1471 οὐδεμία
343 1391 402 1466 δίκη
415 1391 477 1474 πρίν
498 1392 543 1451 ἐπὶ
563 1391 699 1466 διαιτητάς
720 1393 802 1452 ίλθεῖν
826 1391 957 1472 εἰσήγετο.

182 1481 300 1562 Ἔλεγον
312 1482 340 1540 dl
358 1481 499 1562 ἐπιτρίψαι
522 1478 625 1540 δίαιταν
639 1481 685 1539 καί
700 1485 716 1552 ή
734 1477 822 1540 δίαιτα
841 1481 960 1542 ἐκαλεῖτο

58 1646 61 1652 1
184 1567 325 1651 turpent.
340 1565 376 1630 ‘fl
392 1570 416 1628 δ’
430 1567 517 1650 ἔφεσις
531 1569 617 1628 stede
632 1569 655 1626 εἰ
673 1569 709 1634 εἰς
730 1567 899 1649 δικαστήριον
914 1567 960 1646 γί·

184 1680 266 1731 νοιτο,
281 1659 317 1724 τίς
328 1657 415 1736 ἐχῖνον
428 1654 475 1723 τάς
488 1654 590 1738 ψήφους
601 1654 760 1733 ίμὸαλόντις
769 1655 824 1738 tete
835 1657 961 1738 ίκατίρας

182 1745 230 1811 τὰς
254 1747 298 1804 τῶ
322 1741 460 1826 φεύγοντος
491 1742 538 1802 καί
565 1741 704 1811 διώκοντος
725 1742 959 1821 κατεσημαίνοντο.

183 1829 354 1908 Ἐλάμδανον
370 1828 398 1890 δὲ
410 1834 434 1891 οἳ
447 1832 581 1904 διαιτηταί
598 1831 721 1912 δραχμὴν
743 1829 817 1914 παρδ
835 1838 882 1892 coi
902 1834 962 1916 κρί-

183 1917 498 1996 νοντοςτήνιιαλουμίνην
507 1919 874 2003 παράστασιν,ίγγριίψαντος
883 1924 961 1984 αὐτοῦ

182 2011 209 2068 ἐν
231 2007 408 2088 γραμματείῳ
430 2007 460 2068 τδ
483 2007 606 2086 ἔγκλημα
627 2007 672 2068 καί
691 2009 723 2070 τδ
741 2010 863 2088 τίμημα·
877 2010 962 2088 ἑλοίμ-

183 2093 261 2154 άανον
280 2094 309 2155 dl
322 2097 367 2155 καί
383 2094 473 2177 ίτίραν
488 2095 555 2178 ὑπὲρ
567 2101 615 2169 τῆς
633 2096 808 2173 ἀντωμοσίας.
820 2097 896 2157 llale
910 2097 961 2158 lric

182 2182 229 2250 τάς
241 2181 342 2263 ψήφους
352 2185 499 2242 nominari
509 2203 565 2263 pro
575 2182 609 2241 τά
622 2184 805 2264 γραμματεῖα,
814 2199 961 2262 apparete

183 2271 317 2348 sequenti
335 2271 497 2348 fragmento
508 2283 538 2330 et
548 2291 585 2331 ex
602 2273 665 2350 ipso
682 2271 802 2332 Polluce
814 2271 895 2345 Vlll,
911 2295 959 2348 17.

223 2359 334 2419 Horum
358 2371 470 2439 purtem
492 2359 695 2419 tantummodo
716 2360 847 2439 praebent
867 2362 962 2442 llesy-

182 2447 266 2508 chius
280 2467 305 2508 s.
316 2469 347 2510 ν.
364 2447 506 2520 Διαιτηταί
514 2491 522 2520 ,
533 2447 638 2508 Suidas
648 2447 691 2509 ib.
704 2451 734 2507 in
748 2449 959 2527 alteruglossa,

183 2534 284 2595 lexic.
298 2535 383 2597 libet.
397 2535 461 2612 Seg.
482 2555 511 2614 p.
529 2536 599 2606 235,
617 2557 665 2611 ao,
686 2537 782 2599 schot.
801 2537 875 2600 Plat.
890 2539 958 2617 [og.

182 2625 287 2703 μηδ’]
302 2625 392 2684 Bell.

495 2772 531 2834 rt
556 2761 647 2842 (ll3l

224 2894 436 2975 Harpocration
451 2913 475 2957 ε.
488 2916 517 2951 v.
533 2893 674 2976 Ἐχῑνος
696 2917 704 2956 ι
722 2893 803 2960 Ἔστι
819 2899 867 2976 μίν
883 2899 963 2980 ιίγγος

116 3011 123 3030 ·
182 3003 208 3038 τι
223 2983 258 3048 είς
279 2981 294 3040 δ
316 2979 350 3040 τδι
368 2991 540 3063 γραμματεῖα
554 2981 589 3041 τά
602 2981 668 3062 πρδς
681 2982 728 3052 cde
747 2985 821 3055 δίκας
836 2988 959 3052 δτίδεντο.

182 3067 353 3146 Δημοσθένης
375 3072 402 3128 ἐν
422 3073 460 3152 τῷ
483 3071 547 3150 πρὸς
568 3069 697 3148 Τιμόθεον
721 3072 748 3153 (§
772 3074 830 3155 65).
848 3077 962 3155 Μνημο-

182 3155 250 3216 νιιίει
263 3159 311 3216 τοῦ
333 3156 429 3236 άγγους
444 3155 537 3216 τούτου
554 3155 599 3214 κοιλ
621 3157 861 3236 Ἀριστοτέλης
879 3167 906 3224 ἓν
927 3170 961 3238 τῆ

181 3241 325 3314 Ἀθηναίων
339 3241 465 3321 Πολιτεία
477 3243 522 3302 καὶ
536 3241 723 3324 Ἀριστοφάνης
733 3246 873 3312 Δαναίσιν.
947 3231 953 3247 ’

222 3329 330 3390 Eadem
346 3331 469 3392 Plrotius
489 3351 518 3410 p.
532 3331 583 3407 46,
595 3339 625 3408 ι,
647 3331 752 3394 Suidas
773 3349 802 3394 et
822 3338 961 3410 mendose

182 3417 259 3496 apud
268 3416 585 3492 Cr·amerum,rlneedd.
595 3419 693 3480 Οκοιι.
706 3434 726 3484 ι.
737 3421 774 3494 Π,
789 3444 819 3504 p.
831 3427 957 3504 tpbab.

183 3505 281 3566 Schol.
296 3506 444 3586 Aristopb.
457 3505 543 3587 Vesp.
559 3509 635 3579 1436
654 3531 661 3568 ι
677 3509 783 3591 Ἐχῖνον
801 3535 808 3570 ι
824 3511 916 3594 Ἀγγος
934 3541 960 3576 τι

182 3597 299 3675 χαλκοῦν
309 3592 328 3666 ἢ
340 3594 386 3655 καλ
398 3597 428 3654 ts
439 3595 572 3676 κεράμου,
585 3599 621 3666 είς
634 3596 777 3659 destitisti
790 3605 814 3661 oi
826 3604 960 3678 διαιτηταί

182 3682 216 3742 τὰ
229 3693 400 3762 γραμματεῖα
414 3687 466 3743 τῶν
478 3689 631 3768 μαρτυριῶν
645 3687 663 3746 t
676 3710 743 3756 τινες
754 3691 957 3773 δμαρτιίρησαν,

182 3769 228 3828 καί
250 3771 502 3851 κατασημηνάμενοι
526 3772 594 3852 μετὰ
616 3778 700 3835 ταῦτα
725 3777 747 3836 εί
774 3779 912 3858 ίγκληθείη
939 3785 957 3853 ἡ

183 3855 271 3915 δίαιτα
285 3860 339 3925 τοῖς
353 3859 488 3926 δικασταῖς
499 3860 641 3920 ίπεδίδουν.
654 3864 710 3924 Τοῦ
724 3865 747 3922 δ’
758 3863 852 3943 άγγους
865 3867 956 3928 τούτου

182 3943 228 4003 καί
241 3945 411 4022 Δημοσθένης
432 3949 623 4024 μνημονεύουσι
642 3949 689 4009 καί
702 3951 751 4030 Ἀρ
761 3953 955 4030 ιστοτίλης,

183 4051 247 4109 qnae
271 4031 370 4091 eadem
389 4034 505 4093 omissis
523 4038 696 4097 testimoniis
718 4039 855 4116 leguntur
880 4044 959 4122 apud

1327 1465 1363 1537 7⁵
1386 1462 1479 1545 (ιιι).

1057 1619 1162 1679 Pollux
1176 1618 1257 1692 vltl,
1280 1623 1318 1678 62
1336 1639 1344 1680 ε
1362 1617 1501 1700 Ἔφεσις
1525 1617 1554 1677 δι’
1577 1621 1660 1691 ἔστιν,
1674 1618 1737 1678 ὅταν
1757 1643 1797 1689 τι,

1018 1707 1071 1768 άπδ
1093 1709 1234 1782 διαιτητῶν
1247 1704 1266 1780 ἢ
1280 1707 1418 1788 ἀρχόντων
1431 1706 1451 1778 ἢ
1464 1707 1585 1784 δημοτῶν
1602 1706 1646 1765 ἐπὶ
1669 1707 1796 1781 δικαστήν
1816 1701 1821 1710 ’

1019 1791 1117 1878 tem
1139 1795 1192 1856 άπδ
1207 1796 1304 1875 βωλῆς
1324 1793 1369 1854 tet
1383 1793 1466 1872 δῆμον
1474 1836 1483 1867 ,
1498 1792 1517 1864 ἢ
1531 1793 1585 1853 άπὸ
1598 1793 1683 1870 δήμου
1697 1794 1741 1855 lul
1755 1795 1796 1852 δι-

1019 1884 1178 1965 καστήριον,
1189 1882 1208 1955 ή
1220 1883 1274 1942 est
1290 1883 1421 1942 δικαστῶν
1434 1880 1478 1941 ἐπί
1498 1880 1597 1950 ξενικὸν
1611 1882 1777 1962 δικασιήριον
1785 1905 1797 1917 ·

1018 1968 1141 2052 δφίσιμος
1155 1970 1178 2030 δ’
1192 1969 1342 2048 ὠνομάζετο
1357 1975 1374 2042 it
1388 1969 1461 2041 δίκη.
1471 1961 1558 2031 Aluus
1570 1967 1598 2029 δί
1611 1969 1657 2029 καί
1672 1969 1799 2044 ἔκκλητοι

1018 2060 1090 2120 δίκαι
1104 2062 1257 2120 ἐκαλοῦντο.
1269 2059 1310 2121 Τὸ
1326 2057 1674 2140 δίπαρακαταδαλλάμενον
1689 2057 1733 2117 ἐπὶ
1746 2062 1801 2118 τῶν

1019 2145 1132 2227 δφίσεων
1141 2194 1151 2223 ,
1161 2147 1226 2230 ὅπερ
1240 2152 1264 2207 ol
1275 2154 1319 2208 νῦν
1332 2145 1494 2227 παραδολιον
1505 2148 1616 2206 καλοῦσι
1626 2191 1636 2224 ,
1646 2145 1802 2226 παράδολονι

1022 2236 1350 2316 Ἀριστοτίληςλίγει.

1059 2323 1230 2398 Salmasius,
1246 2330 1290 2383 De
1303 2329 1385 2383 modo
1396 2345 1504 2386 usumr.
1518 2344 1548 2402 p.
1569 2323 1687 2396 13‚haec
1701 2323 1737 2382 ad
1753 2323 1801 2382 lo-

1018 2432 1085 2471 cum
1108 2413 1308 2488 OEoonomici,
1331 2416 1383 2493 qui
1408 2413 1485 2472 inter
1510 2413 1678 2473 Aristotelis
1701 2411 1800 2474 libros

1018 2515 1127 2575 exstat,
1140 2502 1161 2566 l.
1176 2502 1217 2576 ll,
1240 2505 1258 2580 S
1280 2503 1486 2576 15‚reierens,
1509 2501 1553 2561 ibi
1574 2521 1629 2580 pro
1653 2501 1799 2584 παραδολη

1019 2590 1099 2667 quod
1112 2589 1146 2649 in
1163 2589 1346 2650 editionibus
1366 2591 1483 2667 legitur,
1498 2587 1651 2668 παρείδολον
1665 2589 1805 2665 corrige:

1017 2675 1078 2737 bat.
1095 2677 1155 2737 Nec
1169 2679 1256 2738 aliter
1268 2678 1377 2738 habent
1391 2679 1507 2738 codices
1520 2677 1644 2737 Belslteri
1658 2675 1693 2738 Sl
1702 2691 1732 2736 et
1744 2675 1798 2749 Tl,

1020 2786 1110 2844 quum
1136 2768 1168 2826 in
1200 2771 1304 2841 tertio,
1328 2767 1358 2826 lb
1381 2767 1542 2848 παραδολιον
1563 2765 1715 2827 scribitur.
1731 2767 1799 2825 lieo

1015 2852 1130 2930 judicio
1144 2859 1244 2936 potius
1258 2856 1438 2938 Ἀριστοτέλης
1451 2856 1527 2918 male
1541 2876 1596 2937 pro
1611 2855 1799 2936 Ἀριστοφάνης

1017 2945 1146 3021 positum
1160 2946 1289 3006 videtur.
1303 2945 1409 3007 Nescio
1430 2967 1467 3006 an
1480 2945 1539 3005 huo
1562 2947 1646 3004 faciat
1668 2943 1798 3022 Phryni-

1018 3031 1091 3091 chus
1112 3031 1176 3094 Ecl.
1199 3055 1230 3114 p.
1245 3037 1303 3094 238
1326 3033 1400 3093 Lob.
1420 3032 1614 3116 ιΠαραὸόλιον
1633 3053 1641 3094 :
1659 3031 1796 3112 Ἀδάκιμον

1018 3123 1105 3181 sotem
1117 3123 1165 3201 Τῷ
1176 3123 1224 3198 μὲν
1244 3121 1395 3199 ὀνόματιώ
1407 3127 1524 3203 χρῶνται
1537 3125 1561 3181 οἱ
1575 3120 1701 3195 παλαιοί,
1715 3125 1754 3202 τῷ
1767 3123 1795 3181 δὲ

1020 3207 1131 3287 ῥήματι.
1146 3207 1281 3268 Ceterum
1293 3208 1373 3268 dere
1387 3209 1560 3270 obscuriore
1570 3230 1656 3288 quam
1667 3223 1700 3268 ut
1712 3210 1797 3269 facile

1019 3294 1172 3370 dijudicari
1182 3297 1275 3374 possit
1287 3297 1325 3357 ci.
1337 3295 1439 3370 Meier,
1453 3300 1511 3354 Der
1521 3299 1638 3354 attisclse
1655 3301 1789 3368 Prome,

1018 3381 1198 3460 p.771.(2um
1207 3385 1444 3461 prioribusapud
1452 3383 1601 3443 Pollucem
1609 3387 1796 3445 consentiunt
1826 3433 1829 3440 .

1016 3471 1228 3549 llarpoc'ration
1245 3493 1252 3529 ι
1266 3469 1378 3553 Ἔφεσις
1393 3476 1411 3544 ἡ
1426 3471 1453 3542 ἐξ
1471 3473 1560 3554 ἑτάρου
1574 3473 1743 3554 δικαστηρίου
1757 3475 1794 3541 εἰς

1017 3555 1105 3634 ἕτερον
1119 3558 1277 3637 μιταγωγή·
1291 3558 1322 3617 τὸ
1337 3558 1365 3618 δὲ
1379 3560 1443 3618 αὐτὸ
1456 3559 1502 3618 καί
1520 3559 1645 3633 ἔκκλητος
1656 3563 1793 3633 καλεῖται,

1016 3643 1139 3703 Photius
1152 3667 1181 3724 p.
1196 3655 1244 3720 lo,
1257 3663 1311 3724 213
1330 3657 1379 3726 tr,
1393 3649 1420 3721 5,
1432 3647 1536 3707 Suidas
1550 3670 1573 3708 s.
1587 3672 1630 3724 v.,
1640 3649 1738 3728 Etym.
1750 3649 1793 3711 lll.

1016 3752 1046 3810 p.
1060 3741 1130 3805 ιοι,
1145 3733 1193 3791 50.

1262 3972 1267 3985 ⁸
1326 3891 1364 3962 τῦ
1388 3890 1480 3966 (ιιόλ

1055 4049 1268 4128 Harpocration
1283 4071 1355 4112 ssu.
1371 4050 1452 4111 Ἐπί
1478 4051 1661 4133 Παλλαδίῳ
1677 4074 1685 4111 ε
1701 4052 1795 4130 hripe-

195 4147 1787 4186 -————-—-—---.-—.........-.......—..

552 4205 590 4253 74.

213 4311 336 4375 Echinus,
357 4327 402 4364 vas
416 4327 513 4366 aueum
527 4318 567 4366 vel
583 4318 657 4368 etiam
680 4320 820 4386 lugubrum,
848 4323 872 4374 in
893 4326 960 4390 quod

1014 4217 1095 4276 Atque
1109 4215 1176 4277 qued
1190 4217 1216 4265 in
1229 4215 1432 4280 appellationibus
1453 4218 1627 4283 spondebatur,
1641 4218 1707 4282 quod
1727 4233 1797 4269 nunc

1014 4301 1157 4365 παραδολιον
1168 4306 1272 4366 vocant,
1287 4304 1432 4357 Anstomles
1442 4309 1576 4373 sapidulas
1586 4307 1703 4358 nominat.

183 4399 337 4464 deponebant
347 4401 434 4452 arbitri
447 4403 544 4454 tabulas
558 4406 764 4472 testimoniorum,
779 4413 803 4461 et
818 4412 884 4474 quod
899 4413 959 4462 obsi·
1384 4421 1423 4466 7⁶.

160 4557 164 4565 .
183 4486 284 4548 μιαίνειν
295 4487 349 4534 tum
363 4497 441 4548 quum
455 4485 479 4535 in
491 4487 612 4550 judicium
632 4504 672 4542 res
683 4495 824 4554 vocaretur,
835 4493 960 4556 judicibus
1047 4498 1264 4552 retrahentem.
1277 4503 1403 4554 iudicium
1423 4509 1462 4555 est
1475 4506 1512 4554 sic
1529 4509 1642 4555 vocatum
1656 4508 1685 4555 ut
1702 4511 1791 4558 Demo·

183 4570 397 4624 trudebantvasis
406 4574 480 4636 huius
489 4578 636 4629 mentionem
646 4580 741 4631 iaciunt
748 4565 772 4633 et
782 4583 961 4636 Demosthenes
1014 4586 1114 4637 sthenes
1125 4587 1151 4636 in
1164 4589 1281 4642 oratione
1288 4596 1374 4642 contra
1385 4592 1561 4644 Aristocraten
1572 4595 1598 4642 et
1608 4591 1753 4644 Aristoteles
1764 4593 1796 4644 iu

185 4665 211 4712 et
224 4661 375 4713 Aristoteles.
1014 4675 1198 4727 Atheniensimn
1211 4679 1344 4744 Republica
1360 4680 1473 4743 tradunt,
1484 4680 1509 4730 in
1520 4694 1571 4744 quo
1583 4679 1615 4731 de
1627 4679 1695 4733 code
1706 4681 1790 4734 incon-

1013 4764 1078 4814 sulto
1086 4765 1249 4817 commissaet
1257 4767 1289 4819 de
1296 4767 1392 4818 insidiis
1397 4769 1457 4819 vitre
1468 4769 1570 4819 alterius
1581 4769 1683 4820 structis
1693 4771 1789 4835 ephctte

1010 4849 1131 4915 judicant.
1145 4853 1263 4906 Triburral
1279 4869 1340 4906 vero
1353 4857 1469 4917 Palladii,
1483 4855 1582 4920 jndices
1596 4861 1680 4909 autem
1692 4859 1796 4924 epheta·

554 4775 561 4800 Ι
568 4773 589 4802 tt.

216 4837 354 4888 'translatio
362 4851 422 4889 vero
437 4841 488 4900 est,
504 4853 580 4902 quum
595 4842 651 4905 quis
663 4843 695 4892 ab
708 4845 821 4906 arbitris,
835 4849 959 4900 archonti·

185 4924 521 4989 bus,demotisad1'udicem
537 4931 958 4988 causemtranslertzvelasenatu
1013 4953 1069 4989 rum
1080 4943 1248 4993 nomennacti
1262 4943 1438 4995 sunthaneob
1454 4945 1789 5010 causamznlmirumquum
1825 4981 1830 4990 -

184 5011 217 5061 ad
230 5015 363 5077 populum,
378 5019 423 5066 aut
435 5029 450 5066 a
462 5016 553 5080 populo
563 5017 594 5067 ad
604 5017 698 5079 lorum,
709 5023 753 5068 aut
764 5034 778 5070 a
790 5021 916 5084 jndicibus
927 5024 959 5074 ad
1012 5031 1177 5092 Agamemnon
1197 5034 1223 5081 et
1244 5031 1327 5095 Argivi
1342 5033 1415 5096 Troia
1436 5034 1581 5096 redeuntes,
1601 5047 1659 5085 cum
1680 5033 1793 5087 Palladio

186 5098 266 5149 iorum
280 5103 447 5168 peregn'num3
463 5103 609 5156 translatum
624 5109 707 5156 autem
720 5107 840 5170 judicium
855 5110 958 5172 diciturr
1012 5115 1120 5167 Athenas
1140 5119 1303 5182 appulissent,
1325 5121 1470 5184 Demophon
1492 5121 1630 5173 Palladium
1654 5123 1747 5188 rapuit,
1761 5126 1786 5174 ct

185 5196 242 5246 quae
259 5185 345 5236 eadem
367 5191 392 5238 et
409 5190 516 5250 ικιιλητοι
536 5191 597 5241 δίκαι
629 5196 814 5258 provocationes
833 5197 957 5250 dicuntur.
1014 5203 1105 5254 multos
1118 5205 1298 5270 insequentium
1310 5206 1408 5261 occidit.
1424 5212 1558 5275 Propterea
1574 5210 1715 5276 indignatus
1729 5215 1794 5275 Aga·
