4017 5984
234 453 271 512 ta
785 437 1031 502 ARISTOTELIS
1052 436 1302 498 FRAGMENTA.
1384 510 1388 516 Δ

234 581 311 661 scil.)
324 581 369 640 καὶ
384 583 409 640 ἐν
431 583 483 645 τοῖς
502 578 662 655 ἐξωτερικοῖς
682 574 769 652 λόγοις
781 572 928 652 δρκοόντως
951 569 1008 630 ίνια

235 671 280 729 καί
294 669 420 750 χρηστέον
432 669 529 733 αὖτοῑς.
540 666 618 728 thid.
632 664 682 738 Vl,
699 675 729 743 4,
746 685 760 722 ι
777 683 784 725 :
801 660 965 738 Πιστεόομεν
981 659 1009 717 δέ

236 759 297 836 περὶ
309 760 394 816 αὐτῶν
408 757 481 836 (περὶ
492 759 540 826 τῆς
551 754 682 826 ποιήσεως
693 752 738 812 καί
751 756 798 824 τῆς
808 748 925 830 πράξεως
937 748 1009 824 scil.)

236 847 281 904 καί
298 853 352 914 τοῖς
366 844 525 922 ἐξωτερικοῖς
538 841 635 922 λόγοις.
649 842 738 900 Polit.
755 838 812 912 ΙΙΙ,
836 847 866 910 θ,
883 845 900 907 ἐς
923 858 931 894 t
954 837 1011 906 Τῆς

237 936 320 1012 ἀρχῆς
343 931 400 1000 τοὺς
420 931 574 1009 λεγομένους
589 930 699 1009 τρόπους
724 926 810 1008 ῥᾴδιον
837 925 941 985 διελεῖν·
964 922 1012 981 καῖ

236 1021 287 1100 γδιρ
303 1024 330 1080 ἐν
354 1021 406 1086 τοῖς
430 1019 588 1096 ἐξωτερικοῖς
601 1018 687 1094 λόγοις
707 1013 870 1094 διοριζόμεθα
888 1011 949 1092 περλ
963 1011 1013 1069 αὖ·

236 1112 289 1167 τῶν
297 1105 433 1174 πολλάκις.
446 1104 523 1165 lbid.
538 1105 605 1183 Vll,
624 1129 650 1177 1,
665 1127 697 1164 a:
713 1102 881 1181 Νυμίσαντας
895 1091 939 1160 οῦν
954 1103 1014 1158 ἱκα-

236 1200 285 1262 νῶς
299 1193 386 1256 πολλὰ
406 1193 526 1270 λίγεσθαι
541 1195 651 1253 καὶτῶν
673 1195 699 1252 ἐν
722 1193 775 1260 τοῖς
789 1190 948 1270 ἐξωτερικοῖς
966 1190 1013 1248 λό·

238 1310 291 1364 γοις
308 1285 367 1365 περὶ
381 1288 428 1354 τῆς
445 1284 552 1364 ἀρίστης
565 1287 641 1356 ζωῆς,
658 1282 704 1342 καί
717 1285 762 1341 νῦν
773 1279 901 1360 χρηστίον
914 1280 1013 1353 αὐτοῖς,

238 1375 309 1432 tales
322 1375 412 1430 ferme
425 1384 505 1442 sunt,
519 1385 550 1430 ut
566 1372 683 1430 illorum
699 1370 836 1448 opinioni
855 1389 914 1428 non
924 1387 1014 1445 repa-

239 1474 334 1537 gnent,
366 1459 417 1538 qui
446 1459 482 1517 de
511 1458 643 1539 dialogis,
674 1458 711 1517 ab
739 1459 805 1536 ipso
838 1454 1015 1535 philosopho

238 1550 342 1624 editis,
376 1547 580 1624 intelligendos
617 1566 679 1605 esse
710 1544 901 1604 arbitrantur.
937 1541 1017 1612 Quia

239 1650 267 1694 et
284 1637 314 1694 in
332 1636 406 1694 hanc
419 1635 589 1692 sententiam
602 1633 818 1712 interpretanda
832 1650 890 1690 esse
903 1649 937 1688 ea
951 1649 1017 1706 quae

241 1721 312 1781 alibi
332 1722 368 1779 de
382 1722 455 1780 ideis
466 1721 539 1780 dicit
550 1720 754 1801 philosophus,
768 1717 931 1796 Metaphys.
948 1715 1014 1787 ΧΠ,

244 1829 270 1878 1,
284 1831 299 1867 a
314 1833 321 1866 ι
338 1811 364 1870 T
365 1809 521 1888 εθρόλλητοιι
534 1810 586 1892 γδρ
595 1809 628 1868 th
640 1807 725 1868 πολλὰ
734 1806 779 1865 καί
793 1805 845 1864 ὑπὸ
858 1807 910 1863 τῶν
925 1803 1018 1872 ἐξωτε-

241 1901 319 1976 ρικῶν
331 1896 427 1974 λόγων,
445 1899 514 1956 satis
530 1916 633 1973 magna
650 1915 687 1954 ex
698 1895 736 1954 iis
746 1894 840 1952 oritur
851 1890 1017 1971 probabili-

240 1999 294 2057 tas,
315 1985 454 2063 quaejam
473 2005 562 2064 supra
581 1983 807 2044 memoravimus
820 1980 920 2040 Procli
939 1981 1016 2059 apud

239 2073 381 2132 Joarmem
394 2074 590 2151 philoponum
604 2072 692 2131 rerba
706 2072 754 2153 (cf.
768 2071 846 2130 infra
858 2071 1018 2147 fragmenta

241 2161 349 2236 dialogi
371 2162 407 2219 de
421 2162 630 2238 Philosophia,
650 2161 716 2234 rt),
732 2178 797 2217 cum
821 2157 929 2236 quibus
948 2179 1016 2216 con·

237 2248 404 2326 jungendus
412 2263 455 2308 est
466 2250 572 2308 similis
584 2250 669 2328 plane
682 2245 832 2306 Plutarchi
842 2248 935 2318 loeus,
947 2246 1016 2307 adv.

244 2339 374 2396 Colatem
388 2358 412 2395 c.
431 2347 465 2407 rt,
482 2360 488 2395 :
503 2337 560 2403 Τοίς
578 2361 608 2414 γε
621 2335 673 2411 μὴν
687 2334 769 2411 ἰδίας,
784 2333 845 2414 περί
858 2323 895 2392 ῶν
912 2335 1018 2412 ἐγκαλεῖ

242 2427 279 2503 τῷ
295 2424 430 2496 Πλάτωνι,
443 2430 582 2504 πανταχοῦ
596 2427 674 2483 κινῶν
689 2421 896 2503 δἈριστοτίλης
906 2420 952 2480 καῖ
966 2431 1016 2480 πῦ-

242 2534 291 2570 σοιν
306 2511 411 2589 ἐπείγων
428 2512 540 2593 ἀπορίαν
555 2515 662 2588 αὐτοῖς,
675 2515 702 2572 ἐν
718 2513 771 2579 τοῖς
786 2511 884 2581 ἠθικοῖς
903 2509 1018 2588 ὑπομνή-

246 2621 335 2674 μασιν,
353 2602 379 2658 ἐν
394 2606 447 2667 τοῖς
459 2599 635 2679 posteaqua
651 2606 702 2660 τῶν
711 2599 869 2680 ἐξωτερικῶν
877 2601 1016 2679 διαλόγων,

244 2687 450 2767 φιλονεικότερον
489 2689 564 2756 ἐνίοις
595 2687 679 2758 ἔδοξεν
702 2685 719 2759 ἢ
748 2686 955 2769 ριλοσοριότερον
988 2691 1018 2748 ἐκ

245 2775 297 2832 τῶν
313 2775 449 2852 δογμάτων
471 2776 568 2836 τούτων
584 2781 619 2844 ὡς
633 2776 789 2856 προθέμενος
806 2775 854 2848 τὴν
875 2777 1019 2844 Πλάτωνος

246 2863 373 2939 ὑπεριδεῖν
400 2863 566 2946 φιλοσοφίαν·
592 2865 660 2925 οίίτω
688 2865 791 2946 μακρὰν
822 2856 853 2936 ἦν
890 2868 935 2924 τοῦ
956 2867 1019 2924 dae·

243 2950 353 3011 λουθεῖν.

284 3038 330 3097 Ab
337 3041 473 3113 hisvero,
483 3061 557 3118 quos
568 3042 719 3118 hucusque
729 3042 925 3119 laudavimus,
933 3043 1020 3119 plane

245 3125 362 3185 diversa
371 3139 415 3185 est
425 3129 499 3186 ratio
511 3129 568 3187 loci
590 3130 621 3186 in
645 3129 733 3189 libris
746 3129 952 3207 Physicorum,
968 3133 1016 3205 tv,

248 3232 294 3283 ru,
314 3232 324 3268 r
341 3214 435 3288 obvii,
454 3213 517 3287 ubi,
528 3216 565 3273 de
575 3229 705 3294 tempore
718 3219 882 3294 locuturus,
903 3220 943 3278 ita
955 3223 1020 3280 Ari·

246 3298 362 3358 stoteles
376 3321 383 3358 ε
405 3302 515 3380 Πρῶτον
531 3300 559 3360 δὲ
568 3305 656 3369 καλῶς
668 3303 733 3383 ἔχει,
745 3307 850 3383 inquit,
861 3307 1019 3386 διαπορῆσαι

243 3384 304 3463 περὶ
317 3387 448 3446 αὐτοῦκαὶ
459 3389 501 3448 ht
512 3392 562 3448 τῶν
573 3386 832 3470 ἐξωτερικῶνλόγων,
844 3392 954 3474 πότερον
966 3400 1019 3456 τῶν

244 3471 324 3530 όντων
343 3475 413 3534 ἐστίν
427 3475 444 3548 ἢ
460 3480 511 3536 τῶν
524 3477 560 3554 μὴ
577 3477 671 3550 όντων,
689 3474 745 3540 εἶτα
757 3482 796 3550 τίς
808 3485 824 3554 ἡ
842 3480 917 3563 φόσις
929 3487 1019 3546 αὐτοῦ.

245 3559 303 3620 llic
316 3566 392 3621 enim
407 3584 460 3643 per
474 3565 640 3648 {interponite
652 3569 745 3646 λόγους
768 3585 867 3650 aperte
880 3573 933 3632 illa
944 3573 1019 3633 desi·

245 3662 331 3726 gnat,
345 3671 410 3728 quae
423 3655 487 3732 ipse
501 3673 556 3733 per
576 3670 667 3715 totum
683 3677 806 3736 sequens
827 3674 913 3739 caput
926 3682 1021 3741 expo-

245 3738 316 3796 suit.
340 3740 407 3800 Alia
419 3762 537 3820 quoque
553 3763 648 3822 neque
665 3747 762 3806 minor
776 3748 844 3807 inde
858 3751 952 3809 oritur
965 3751 1021 3810 dif-

247 3824 376 3900 ficultas,
391 3829 470 3906 quod
485 3844 513 3888 et
530 3833 562 3889 in
581 3832 618 3892 iis
635 3833 767 3912 scriptis,
783 3857 848 3913 quae
860 3880 868 3904 ,
882 3838 936 3896 etsi
954 3859 1019 3897 cum

246 3913 427 3976 Aristoteleis
436 3919 592 3996 cohaercnt,
605 3923 693 3980 alium
707 3936 803 3983 tamen
815 3937 961 3983 auctorem
973 3927 1021 3986 ha·

246 3999 316 4060 bere
332 4005 515 4064 manifestum
536 4022 589 4080 est,
606 4009 753 4088 ἐξωτερικαὶ
775 4011 846 4089 λόγοι
867 4013 1021 4072 nominan-

246 4101 303 4146 tur.
329 4090 390 4150 Hoc
410 4093 525 4154 duobus
537 4096 610 4156 locis
622 4099 654 4156 in
668 4097 834 4158 Ethicorum
853 4100 950 4172 libris,
969 4103 1021 4180 qui

248 4181 381 4242 Eudemii
396 4195 547 4255 vocantur,
573 4190 676 4244 tactum
698 4200 757 4263 est,
779 4207 903 4264 quorum
919 4191 1020 4268 priore

246 4262 274 4335 l,
290 4265 319 4336 8,
337 4264 439 4336 5,ubi
452 4267 560 4329 haecde
574 4270 715 4334 ideiszsst
733 4273 759 4333 δέ
774 4276 814 4334 δεῖ
827 4277 961 4354 συντόμως
979 4279 1021 4336 εί-

246 4362 304 4412 πεῖν
329 4353 390 4430 περί
413 4356 512 4430 αθτῶν,
531 4357 641 4435 λέγομεν
656 4360 697 4420 ότι
714 4365 818 4441 πρῶτον
834 4365 881 4440 μὲν
896 4363 926 4423 τό
951 4357 1020 4425 εἶναι

246 4440 317 4500 ίδέαν
331 4440 369 4518 μὴ
389 4444 467 4514 μόνον
479 4447 577 4522 οἷγαθοῦ
592 4447 660 4507 δλλδ
671 4449 718 4508 καὶ
732 4449 813 4510 θ’λλου
826 4454 931 4512 ὁτουοῦν
946 4453 1019 4531 λέγε·

246 4553 290 4588 ται
311 4533 418 4608 λογικῶς
435 4531 480 4592 καῖ
502 4537 590 4604 κενῶς·
606 4536 765 4598 ἐπίσκεπται
785 4538 812 4598 δέ
827 4541 933 4607 πολλοῖς
958 4543 1019 4622 περὶ

247 4619 326 4676 αὐτοῦ
342 4618 448 4698 τρόποις
470 4622 515 4679 καῖ
532 4625 557 4681 ἐν
575 4627 627 4690 τοῖς
642 4623 803 4705 ἐξωτερικοῖς
827 4625 912 4705 λόγοις
931 4628 976 4686 καί
995 4631 1021 4688 ἐν

247 4705 301 4773 τοῖς
338 4705 397 4784 περὶ
429 4709 600 4794 φιλοσοφίας,
627 4712 702 4772 illud
734 4714 833 4773 saltem
870 4713 1020 4789 docemur,

248 4792 318 4870 quid
343 4793 374 4852 in
398 4793 455 4854 boc
481 4795 597 4856 dicendi
620 4819 725 4877 genere
751 4800 912 4882 ἐξωτερικοῖς
938 4803 1023 4882 λόγοις

247 4893 421 4958 opponatur.
446 4882 530 4942 llunc
555 4905 627 4944 vero
643 4908 701 4947 non
725 4890 821 4950 minus
842 4910 928 4969 quam
950 4892 1024 4952 alte-

248 4987 322 5041 rum,
351 4968 402 5047 qui
424 4971 510 5030 initio
527 4973 622 5031 statim
648 4976 720 5035 libri
747 4979 867 5038 secundi
890 4981 1021 5056 legitur:

249 5053 344 5114 Ποίντα
360 5054 392 5130 δὴ
416 5059 552 5139 τόγαθδιέ,
572 5061 645 5129 ἐκτδς
667 5064 728 5138 ἢέν
750 5069 834 5149 ψυχῇ,
860 5067 1023 5127 καὶτούτων

249 5143 405 5226 αἱρετώτερα
418 5147 453 5206 τδι
465 5150 493 5207 ἐν
506 5173 539 5228 τη
555 5153 640 5232 ψυχῇ,
655 5153 773 5235 καθάπερ
788 5154 956 5237 διαιρούμεθα
974 5157 1020 5215 καὶ

249 5233 275 5288 ἐν
301 5241 353 5300 τοῖς
374 5233 534 5318 ἐξωτερικοῖς
555 5239 650 5320 λόγοις,
676 5263 765 5320 quum
785 5263 821 5302 ex
834 5247 914 5303 omni
944 5258 1025 5324 parte

1060 569 1126 628 illis
1140 567 1347 645 respondeant,
1362 585 1437 642 quos
1452 583 1489 623 εκ
1507 564 1602 642 ipsias
1619 565 1786 624 Aristotelis
1806 564 1843 624 li-

1067 657 1130 716 bris
1152 659 1276 732 ductos,
1297 655 1413 734 priores
1431 653 1634 732 apposuimus,
1657 666 1747 712 totam
1770 653 1844 712 hane

1066 746 1256 823 questionem
1283 744 1383 824 potins
1416 742 1537 802 turbare
1568 762 1656 821 qaam
1683 742 1844 818 illustrare,

1067 853 1126 893 non
1142 835 1227 894 facile
1248 833 1375 910 negabis

1108 924 1207 983 Restat
1230 936 1263 982 ut
1281 921 1414 1001 quaedam
1429 922 1466 980 de
1484 919 1600 980 duobus
1619 921 1685 980 aliis
1701 921 1776 979 locis
1796 922 1846 978 ad-

1067 1014 1188 1086 damus,
1209 1015 1242 1073 in
1265 1011 1395 1090 quibas,
1411 1011 1466 1070 etsi
1492 1010 1630 1088 loquendi
1656 1029 1765 1086 genus,
1787 1029 1847 1087 quo

1071 1103 1163 1162 utitur
1188 1101 1400 1182 philosophus,
1425 1099 1524 1159 minus
1547 1099 1668 1158 sortasse
1690 1099 1846 1158 obscurum

1070 1205 1125 1264 est,
1147 1211 1206 1249 non
1225 1202 1321 1247 tamen
1345 1187 1382 1247 ab
1403 1187 1542 1257 omnibus
1568 1187 1739 1246 conceditur
1751 1187 1848 1246 dialo-

1069 1301 1172 1356 goram
1191 1279 1367 1338 mentionem
1381 1277 1466 1336 abeo
1484 1278 1560 1336 heri.
1584 1277 1681 1347 Quum
1699 1279 1731 1336 in
1751 1277 1847 1356 primo

1069 1368 1147 1426 libro
1165 1368 1202 1426 de
1213 1368 1318 1426 hnima
1330 1387 1355 1424 c·
1376 1373 1402 1435 h,
1422 1367 1440 1442 S
1457 1386 1484 1437 1,
1506 1364 1542 1423 ad
1556 1385 1656 1424 eorum
1677 1365 1849 1425 sententiam

1070 1467 1215 1534 pergeret,
1235 1457 1287 1533 qui
1312 1455 1440 1513 animam
1462 1454 1644 1513 harmoniam
1670 1473 1733 1513 esse
1764 1467 1848 1532 puta·

1071 1557 1156 1616 rent,
1171 1544 1213 1603 ita
1234 1544 1349 1602 locutus
1362 1555 1407 1601 est
1419 1541 1615 1621 philosophus
1629 1566 1636 1600 ι
1658 1541 1713 1603 Καί
1733 1541 1802 1614 ἄλλη
1820 1541 1849 1600 δέ

1069 1655 1109 1699 τις
1123 1631 1185 1700 δόξα
1198 1630 1376 1712 παραδίδοται
1396 1629 1458 1709 περὶ
1478 1623 1582 1712 ψυχῆς,
1594 1631 1690 1702 πιθανὴ
1715 1629 1763 1706 μὲν
1783 1631 1851 1689 πολ-

1070 1720 1124 1785 λοῖς
1139 1711 1218 1792 ἧττον
1237 1721 1289 1778 τῶν
1303 1717 1465 1799 λεγομένων,
1481 1718 1572 1796 λόγους
1587 1721 1612 1778 δ’
1634 1715 1724 1800 ῶσπερ
1744 1717 1850 1783 εῦθόνας

1071 1809 1200 1865 δεδωκυῖα
1219 1807 1267 1866 καὶ
1282 1810 1338 1873 τοῖς
1351 1808 1378 1864 ἐν
1401 1809 1482 1885 κοινῷ
1495 1807 1656 1884 γιγνομένοις
1669 1805 1756 1885 λόγοις
1767 1810 1777 1875 ί
1782 1806 1848 1867 cod.

1071 1902 1125 1962 τοῖς
1145 1897 1171 1953 ἐν
1191 1897 1271 1976 κοινῷ
1283 1894 1458 1972 λεγομένοιςγ·
1477 1895 1606 1974 ἁρμονίαν
1626 1893 1677 1975 γάρ
1691 1917 1750 1954 τινα
1768 1894 1850 1962 αὐτὴν

1072 1984 1189 2060 λέγουσι,
1219 1983 1270 2042 uhi
1295 1983 1409 2061 antiqui
1430 1984 1606 2060 interpretes
1629 1983 1665 2041 ad
1683 2002 1773 2042 unum
1790 2002 1852 2040 om-

1073 2091 1124 2131 nes
1139 2072 1196 2130 hoc
1211 2073 1242 2131 in
1257 2072 1382 2148 dialogis
1394 2072 1540 2130 Phaedone
1553 2085 1582 2130 et
1602 2072 1731 2132 Eudemo
1746 2073 1850 2131 factum

1071 2180 1136 2219 esse
1147 2162 1294 2220 affirmant
1305 2162 1359 2237 (cs.
1376 2160 1497 2219 Eudemi
1513 2161 1549 2220 fr.
1567 2162 1597 2238 ill
1616 2182 1623 2222 :
1641 2163 1682 2220 ita
1693 2173 1725 2219 ut
1736 2162 1787 2239 qui
1803 2176 1853 2220 aut

1072 2247 1109 2321 de
1120 2249 1192 2307 solis
1204 2249 1425 2309 Platonicorum
1438 2248 1636 2322 sermonibus,
1645 2261 1761 2326 quaeest
1770 2249 1851 2307 llosii

1072 2339 1229 2410 sententia,
1254 2351 1304 2396 aut
1328 2337 1365 2396 de
1392 2337 1431 2396 iis
1455 2337 1723 2416 disputationibus,
1752 2338 1852 2414 quales

1073 2427 1206 2487 homines
1228 2427 1420 2502 elegantiores
1443 2425 1596 2485 instituere
1617 2427 1745 2497 soleant,
1765 2447 1850 2504 quam

1073 2528 1169 2574 tuetur
1195 2515 1468 2593 interpretationem
1498 2515 1678 2573 novissimus
1708 2514 1850 2574 librorum

1074 2604 1238 2663 Aristotelis
1261 2603 1367 2673 editor,
1391 2601 1558 2675 Torstrick,
1590 2604 1714 2680 cogitari
1738 2606 1852 2681 possit,
1894 2635 1899 2642 ·

1073 2692 1194 2750 minime
1213 2691 1348 2763 videam,
1378 2691 1537 2769 praesertim
1562 2712 1652 2770 quum
1679 2705 1708 2750 et
1734 2692 1854 2751 aliunde

1075 2792 1187 2838 constet
1213 2780 1249 2838 de
1267 2779 1421 2838 harmonia
1439 2779 1619 2858 disputatum
1640 2781 1729 2839 luisse
1748 2781 1779 2838 in
1801 2779 1856 2838 tiu-

1073 2870 1159 2928 demo
1176 2870 1230 2946 (ci.
1255 2869 1289 2927 fr.
1305 2875 1323 2926 8
1339 2882 1367 2927 et
1383 2870 1449 2948 το).
1462 2869 1628 2929 Nectamen
1641 2870 1709 2928 ideo
1724 2871 1853 2929 exomni

1073 2971 1156 3037 parte
1169 2961 1294 3038 probare
1308 2977 1438 3036 possum,
1450 2979 1515 3035 quae
1523 2958 1559 3017 de
1572 2958 1704 3017 hocloco
1719 2971 1812 3032 acute,
1822 2972 1854 3016 ut

1074 3049 1162 3119 solet,
1179 3047 1339 3126 disputavit
1357 3047 1497 3124 Rernays,
1511 3048 1542 3106 in
1564 3045 1642 3104 libro
1666 3047 1771 3126 saepius
1789 3045 1852 3123 jam

1073 3137 1211 3207 laudato,
1235 3157 1266 3213 p.
1297 3143 1329 3203 rt
1353 3154 1406 3206 ss,
1434 3134 1503 3211 qui,
1529 3154 1619 3212 quum
1644 3136 1760 3210 egregie
1784 3137 1852 3194 Ari·

1074 3222 1185 3282 stotelis
1196 3221 1331 3281 verbaita
1339 3221 1522 3298 restituisset,
1535 3221 1628 3299 ejecto
1636 3237 1735 3302 aperto
1746 3225 1853 3300 glosse2

1074 3324 1167 3368 mate:
1179 3308 1234 3368 Καί
1248 3307 1316 3377 ἄλλη
1331 3307 1359 3366 δέ
1368 3332 1408 3375 τις
1423 3307 1485 3377 διῖα
1493 3309 1671 3389 παραδίδοται
1680 3309 1740 3392 περὶ
1753 3315 1851 3393 ψυχῆς,

1073 3398 1171 3472 πιθανὴ
1192 3395 1239 3475 μέν
1252 3398 1360 3464 πολλοῖς
1380 3399 1503 3475 οὐδεμιᾶς
1517 3390 1595 3470 ἧττον
1615 3403 1669 3458 τῶν
1683 3401 1848 3478 λεγομένων,

1073 3487 1164 3566 ῶσπερ
1178 3485 1285 3553 εὐθύνας
1300 3485 1328 3545 δὲ
1347 3487 1476 3545 δεδωκυῖα
1497 3487 1542 3546 καί
1558 3491 1611 3556 τοῖς
1627 3490 1654 3546 ἐν
1671 3493 1750 3569 κοινῷ
1763 3513 1853 3570 γιγνο-

1075 3576 1160 3653 μένοις
1180 3575 1281 3652 λόγοις,
1303 3575 1340 3634 de
1362 3576 1426 3634 solo
1441 3575 1572 3635 Eudemo
1590 3577 1639 3636 hic
1659 3579 1706 3655 agi
1729 3579 1852 3639 demon·

1074 3676 1166 3722 strare
1186 3677 1305 3722 conatus
1319 3676 1378 3735 est,
1395 3663 1446 3722 sed
1461 3661 1677 3724 subsistendum
1703 3685 1767 3725 esse
1781 3683 1852 3746 puto

1074 3751 1104 3811 in
1121 3752 1159 3810 iis
1171 3771 1235 3829 quae
1248 3771 1284 3810 ex
1296 3752 1462 3830 antiquiore
1474 3755 1576 3831 procul
1597 3751 1688 3812 dubio
1703 3776 1850 3816 commen·

1075 3841 1150 3898 tario
1165 3839 1201 3898 ad
1212 3839 1290 3899 hunc
1300 3841 1397 3898 locum
1414 3841 1538 3918 protulit
1552 3841 1722 3919 Simplicius
1735 3843 1784 3901 sol.
1803 3855 1849 3914 tt,

1075 3926 1178 4008 Μαί.
1193 3927 1357 4005 sr.8):ita
1369 3940 1412 4001 ut,
1429 3928 1509 4006 quod
1530 3943 1559 3988 et
1575 3929 1612 3988 de
1626 3927 1786 4011 ἐξωτερικοῖς
1803 3932 1852 3992 λό-

1077 4039 1132 4094 γοις
1155 4016 1242 4089 valet,
1263 4015 1457 4096 philosophus
1481 4018 1615 4077 consulto
1634 4020 1774 4096 loquendi
1801 4040 1852 4098 ge-

1075 4127 1144 4164 nere
1158 4126 1226 4166 usus
1235 4127 1297 4166 esse
1312 4106 1523 4166 existimandus
1533 4108 1582 4179 sit,
1599 4108 1689 4186 quod,
1704 4130 1795 4188 quum
1810 4115 1851 4168 la-

1076 4195 1135 4254 tius
1151 4208 1274 4273 pateret,
1297 4217 1355 4254 non
1371 4197 1465 4255 solum
1481 4215 1555 4273 quos
1583 4196 1646 4274 ipse
1668 4199 1854 4277 populariter

1075 4285 1285 4361 oonscripserat
1299 4283 1401 4354 libros,
1426 4283 1476 4343 sed
1489 4297 1519 4342 et
1539 4283 1662 4343 aliorum
1680 4287 1852 4365 compiecte-

1075 4369 1216 4450 retur(1).
1713 4367 1715 4373 ’

1103 4585 1132 4640 (ι)
1142 4587 1176 4630 tte
1183 4586 1226 4630 hac
1239 4588 1415 4644 requodnuper
1426 4586 1576 4632 observatum
1584 4589 1620 4633 est
1630 4589 1709 4634 artrts
1718 4591 1852 4637 dartssimts

1075 4651 1098 4692 et
1117 4647 1146 4692 de
1164 4649 1293 4694 Aristotelis
1312 4648 1502 4705 interpretatione
1520 4649 1688 4703 mertthsimls,
1705 4653 1732 4698 c.
1751 4652 1850 4710 Thamt,

1077 4710 1153 4754 ἐίευιιε
1175 4710 1287 4767 critique,
1310 4712 1390 4764 Parta,
1410 4714 1474 4763 lm,
1490 4713 1507 4756 t.
1523 4711 1556 4763 ll,
1579 4723 1602 4766 p.
1624 4719 1675 4766 tta,
1692 4715 1854 4774 annuntio,

1078 4772 1307 4830 Zeitschrtststtrdte
1315 4777 1402 4819 αειειτ.
1414 4775 1510 4830 Gamo.
1521 4775 1599 4827 wien,
1616 4777 1675 4830 teet.
1687 4789 1711 4834 p.
1720 4782 1760 4824 777
1769 4781 1792 4823 et
1801 4785 1850 4835 stt,

1077 4846 1159 4890 nempe
1173 4847 1272 4893 presens
1286 4836 1350 4881 recht
1371 4838 1466 4893 tempus¹
1476 4835 1620 4897 γιγνομένοις
1639 4841 1724 4885 nostrae
1744 4840 1800 4886 hate
1813 4843 1850 4887 tn·

1076 4898 1234 4955 terpretattonl
1246 4909 1381 4954 repugnare,
1397 4897 1495 4953 ideoque
1511 4899 1581 4943 verba
1601 4899 1734 4956 philosophi
1748 4903 1771 4945 tn
1787 4904 1851 4958 huna

1076 4971 1170 5006 sensum
1178 4959 1849 5019 aoelplmdaeaaetdt'apatatlonetineoamunetnstttatoe,

1076 5022 1101 5068 td
1114 5024 1238 5079 quominus
1251 5023 1340 5067 rectum
1356 5033 1405 5067 esse
1419 5025 1508 5078 putem,
1525 5023 1713 5069 doctissimorum
1733 5025 1848 5080 virorum,

1076 5093 1136 5138 quos
1152 5083 1280 5137 nommant,
1296 5083 1335 5128 rtx
1349 5095 1363 5127 a
1378 5095 1414 5128 me
1427 5083 1551 5140 impetrare
1564 5084 1650 5139 poterit
1665 5086 1798 5132 auctorttas.
1817 5089 1855 5133 tte-

1076 5146 1137 5190 entm
1159 5146 1218 5191 illud
1237 5145 1358 5200 othelam,
1373 5145 1444 5190 rerba
1462 5143 1607 5205 γιγνομένοις
1631 5143 1708 5204 λόγοις
1729 5156 1744 5190 a
1767 5160 1849 5194 corru-

1077 5208 1162 5263 pttonls
1172 5209 1272 5264 quadam
1282 5207 1413 5264 scsptetoae
1425 5208 1499 5253 ttbera
1507 5219 1555 5254 noa
1568 5219 1625 5262 este,
1640 5210 1729 5265 qutppe
1743 5222 1787 5265 pro
1795 5212 1850 5268 qut-

1078 5269 1121 5315 bus
1144 5271 1168 5316 tn
1192 5270 1244 5316 eod.
1269 5270 1342 5316 Vattc.
1366 5277 1417 5316 tots
1439 5272 1462 5315 et
1482 5271 1544 5328 apud
1564 5271 1674 5317 loannem
1694 5273 1855 5329 rataponum
