4017 5984
778 427 1024 488 ARISTOTELIS
1046 429 1293 492 FRAGMENTA.

536 568 564 626 i..
588 557 663 636 (θα.)
1092 562 1136 620 lle
1147 561 1259 640 duplici
1273 561 1401 619 Socratis
1419 561 1608 619 matrimonio
1627 560 1826 623 uberritnaest

642 721 643 724 γ
1049 645 1208 726 disputatio
1220 647 1346 717 huzacii,
1358 649 1391 705 in
1408 646 1486 706 libro
1500 652 1645 706 Lectiones
1653 659 1760 722 atticae,
1771 658 1827 706 sive

263 716 346 792 95⁰8·
362 715 470 788 heti-2
487 715 526 789 ll,
546 718 583 773 ²⁶
605 738 612 774 ²
634 715 709 786 Φησὶ
724 717 747 774 δ’
764 714 996 794 ’Ummidii‘
1048 738 1086 790 de
1103 734 1221 814 Διγαμίιρ
1234 736 1369 809 Socratis,
1385 731 1479 809 Lugd.
1494 735 1594 794 Βαίου.
1615 738 1711 812 1809,
1729 738 1822 814 quiet

222 805 266 864 3²5⁰
279 813 402 884 potetate:
416 803 492 862 αὐτὸν
504 801 559 881 (rho
570 803 725 881 Σωκράτην)
738 804 892 883 ἆίαίίσίῑῑι
903 803 997 882 προτί·
1050 822 1227 900 posteriores
1243 823 1375 881 nominat
1389 823 1547 899 scriptores
1561 824 1638 903 apud
1652 843 1725 902 quos
1737 825 1825 902 hujus

222 915 267 969 ραν
281 891 328 968 μὲν
339 889 508 961 Ξανθίππην,
517 888 543 958 ἐξ
552 884 584 962 ἧς
592 890 663 970 αὐτῷ
673 889 794 969 γενέσθαι
807 888 996 968 Λαμπροκλέα·
1050 911 1093 967 pei
1108 908 1216 967 mentio
1228 909 1302 966 fam
1315 921 1367 968 est,

220 979 339 1060 δευτέραν
360 977 388 1036 δὲ
407 976 519 1056 Μυρτὼ,
534 975 580 1050 τῆν
593 977 750 1056 Ἀριστείδου
772 982 818 1037 τοῦ
839 975 939 1036 δικαίου
951 981 995 1035 θυ-

219 1066 328 1144 γατέρα,
344 1065 376 1137 ῆν
391 1064 436 1124 καὶ
450 1064 574 1143 ἄπροικον
592 1064 695 1139 λαθεῖν,
709 1062 737 1132 δέ
751 1055 781 1136 ἧς
798 1063 919 1142 γενέσθαι
935 1065 995 1124 Σιο-
1243 1071 1302 1132 XV.
1325 1073 1335 1148 (
1341 1073 1431 1132 ΠΕΡΙ
1454 1075 1633 1152 ΗΔΟΝΗΣ.)

220 1153 355 1233 ρρονίσκον
371 1152 417 1212 καλ
439 1151 591 1220 Μενέξενον.
610 1153 646 1213 Ol
658 1151 686 1210 δί
701 1150 831 1232 προτέραν
845 1155 933 1229 γῆμαι
947 1149 994 1219 τὴν

220 1240 319 1320 Μυρτώ
337 1263 425 1321 ιρασιν·
437 1239 499 1298 ένιοι
515 1238 542 1298 δὲ
560 1240 606 1298 καὶ
618 1241 768 1320 ἀμφοτέρας
782 1246 854 1318 σχεῖν
874 1228 996 1314 optutu
1092 1235 1175 1293 Libri
1195 1235 1255 1315 πιρί
1270 1234 1383 1306 Ἡδονῆς
1402 1236 1539 1316 inseripti
1557 1235 1728 1296 birmento
1748 1239 1826 1315 apud

219 1329 274 1386 ἐστὶ
284 1327 401 1406 Σάτυρός
413 1350 443 1385 ττ
464 1325 510 1384 καί
521 1324 678 1406 Ἱερώνυμος
698 1324 838 1394 θῬέδισς.
853 1324 929 1386 Φασὶ
946 1324 998 1405 γδιρ
1055 1323 1214 1397 Diogenem
1230 1321 1274 1392 lit,
1287 1321 1414 1400 primurn
1429 1322 1506 1381 inter
1521 1322 1653 1399 dialogos
1668 1327 1750 1399 (ιθ),
1766 1346 1825 1401 quo

202 1414 392 1491 ·βουληθέντας
403 1413 552 1485 Ἀθηναίους
561 1412 604 1472 διδ
617 1413 647 1472 τὸ
659 1415 824 1495 λειπανδρεῖν
836 1411 998 1485 συναυξῆσαι
1053 1410 1118 1469 loeo
1125 1422 1154 1468 et
1160 1409 1238 1487 apud
1245 1414 1427 1487 Anonymum
1435 1411 1667 1487 nominaturli5,
1677 1413 1827 1471 eilleehe·
1846 1490 1849 1497 ι

218 1500 248 1558 τὸ
274 1503 391 1573 πλῆθος,
415 1499 580 1580 ψηφίσασθαι
603 1505 699 1578 γαμεῖν
727 1499 776 1578 μέν
806 1497 888 1572 ιἰστῆν
916 1500 995 1575 μίαν,
1053 1495 1215 1555 maluddin.
1244 1497 1290 1567 ιθ,
1314 1499 1352 1556 de
1369 1499 1525 1572 Voluptate,
1557 1500 1631 1557 liber
1652 1499 1702 1574 Ι),
1720 1498 1826 1556 deinde

219 1590 428 1648 παιδοποιεῖσθαι
444 1585 472 1646 δέ
486 1589 532 1648 καί
547 1587 574 1656 l}
588 1587 692 1666 ἐτέρας,
715 1586 772 1647 ὅθεν
789 1594 865 1648 τοῦτο
884 1591 996 1660 ποιῆσαι
1053 1603 1124 1642 vero
1137 1582 1219 1663 (66),
1230 1581 1282 1641 ubi
1296 1583 1328 1641 in
1344 1584 1409 1644 cod.
1426 1583 1513 1643 Laur.
1529 1583 1590 1663 trapi
1609 1581 1725 1645 Ἡδονῶν
1740 1583 1766 1642 α’
1781 1586 1824 1643 le*

223 1673 268 1733 καί
285 1672 444 1754 Σωκράτην.
1052 1672 1142 1745 gitur.
1158 1670 1193 1728 ln
1204 1671 1335 1746 catalogo
1352 1671 1527 1748 scriptorum
1538 1671 1743 1750 Theophrasti,
1754 1693 1782 1750 p.
1797 1673 1825 1745 5,

257 1762 405 1822 Plutarch.
423 1761 482 1821 Vit.
502 1762 608 1834 Arist,
632 1783 658 1821 c.
680 1784 715 1834 ²7
739 1785 747 1819 ε
774 1760 925 1837 Δημήτριος
944 1758 999 1818 δ’ὁ
1055 1757 1161 1837 5apud
1177 1757 1299 1817 Usener.
1319 1762 1457 1815 Analecta
1473 1760 1694 1835 Theophrasteu,
1707 1759 1827 1819 affertur

222 1847 364 1928 Φαληρεὺς
377 1846 422 1907 καί
436 1845 614 1926 Ἱερώνυμοςθ
627 1846 729 1916 Ῥόδιος
740 1849 786 1908 καί
800 1845 969 1928 Ἀριστόξενος
985 1850 999 1904 δ
1056 1846 1159 1904 titulus
1174 1863 1181 1904 :
1194 1845 1256 1921 περὶ
1271 1843 1381 1916 Ἡδονῆς
1392 1848 1427 1912 ὡς
1440 1844 1620 1924 Ἀριστοτέλης
1635 1845 1673 1919 α’,
1688 1861 1718 1905 et
1729 1848 1826 1906 statim

220 1935 342 2012 μουσικὸς
367 1935 413 1994 καί
428 1933 674 2013 Ἀριστοτέλης,
695 1937 718 1994 τί
739 1935 771 2008 δὴ
790 1935 821 1996 τὸ
835 1935 894 2013 περὶ
915 1937 999 2015 Εὖγε·
1055 1946 1121 2011 post
1139 1931 1199 2012 περί
1222 1931 1334 2005 Ἡδονῆς
1358 1933 1423 1991 ἄλλο
1447 1934 1483 1994 α’.
1511 1933 1742 2013 Theophrastum
1766 1936 1848 2013 παγάν

204 2023 290 2089 ,νείας
311 2021 411 2101 pitito
435 2026 461 2084 έν
481 2023 535 2088 τοῖς
555 2023 670 2100 γνησίοις
684 2023 876 2103 Ἀριστοτέλους
897 2021 995 2094 θετέον,
1056 2019 1171 2091 Ἡδονῆς
1182 2019 1279 2079 laudat
1287 2020 1441 2079 Athenaeus
1450 2020 1515 2092 Χίί,
1528 2042 1555 2100 p.
1568 2021 1703 2093 511,Cet
1711 2021 1818 2089 mul)
1842 2061 1845 2065 «
1927 2060 1931 2071 ‹

218 2113 351 2191 ἱστοροῦσι
376 2109 475 2189 Μυρτὼ
499 2113 657 2190 θυγατριδῆν
681 2109 837 2192 ’Ἀριστείδου
858 2109 996 2189 Σωκράτει
1055 2129 1145 2187 quum
1160 2109 1197 2166 de
1209 2122 1326 2166 auctore
1337 2108 1406 2167 libri
1421 2108 1492 2167 alibi
1505 2109 1633 2185 ambigit,
1647 2109 1695 2180 Vl,
1710 2127 1740 2187 p.
1755 2113 1821 2182 273,
1913 2098 1933 2155 ι’

220 2200 257 2276 τῷ
284 2199 356 2277 σορῷ
380 2200 552 2274 συνοικῆσαι,
574 2205 685 2275 γυναῖκα
708 2195 757 2274 μέν
781 2195 871 2276 ἑτέραν
893 2195 998 2275 ἔχοντι,
1057 2196 1278 2272 (ΙτΧαμαιλέων
1295 2197 1611 2276 δΠοντικὸςέντῷπερλ
1628 2196 1788 2268 Ἡδονῆςτδ
1802 2199 1826 2254 δ’

221 2283 319 2356 ταύτην
333 2283 355 2341 δ’
367 2282 526 2343 ιἰναλαάόντι
545 2285 708 2362 χηρεύουσαν
724 2282 766 2342 δεδι
781 2282 873 2342 πενίαν
887 2285 934 2342 καί
948 2286 999 2341 τῶν
1055 2284 1120 2343 αὐτὸ
1135 2282 1236 2362 βιὸλίον
1250 2280 1297 2340 καί
1317 2285 1353 2350 ὥς
1373 2283 1545 2363 Θιοφράστου
1565 2284 1680 2364 φέρεται·
1694 2298 1723 2342 et
1746 2285 1825 2356 Vlll,

221 2370 370 2450 ἀναγκαίων
384 2371 547 2447 ἐνδεομένην.
564 2371 637 2450 Πρδς
658 2371 706 2448 μίν
720 2363 764 2431 ode
783 2368 890 2440 τούτους
905 2371 1000 2437 ἱκανῶς
1054 2393 1085 2449 p.
1104 2374 1173 2445 347,
1197 2370 1245 2428 E:
1266 2368 1434 2449 θεόφραστος
1450 2369 1468 2442 ἢ
1483 2369 1644 2447 Χαμαιλέων
1660 2372 1686 2428 έν
1708 2374 1747 2450 τῷ
1767 2378 1826 2449 περί

220 2466 234 2519 ὁ
250 2459 391 2525 Ιίαναίτιος
403 2461 429 2518 ἐν
445 2461 499 2524 τοῖς
511 2459 573 2538 περὶ
583 2457 741 2538 Σωκράτους
754 2457 914 2538 ἀπείρηκεν.
1054 2460 1176 2532 Ἡδονῆς.
1198 2459 1263 2517 1)υο
1278 2458 1371 2535 igitur
1382 2456 1420 2517 de
1438 2457 1591 2536 Voluptate
1605 2459 1676 2517 libri
1683 2461 1825 2518 exstitisse

260 2547 365 2605 Athen.
383 2545 464 2618 lllll,
496 2567 526 2625 p.
550 2548 620 2620 556,
642 2553 668 2605 A
684 2567 692 2604 τ
707 2545 758 2607 Ἐκ
777 2545 874 2606 τούτων
895 2537 938 2604 odi
962 2569 1001 2613 τις
1056 2548 1205 2620 videntur,
1221 2564 1345 2624 quorum
1368 2544 1487 2605 alterius
1502 2559 1604 2605 auctor
1626 2548 1689 2606 sive
1708 2548 1826 2605 Aristo-

224 2633 377 2713 δρμώμινος
391 2633 520 2716 μέμψαιτ’
545 2633 576 2692 ἂν
598 2634 656 2703 τοὺς
670 2635 847 2716 περιτιθέντας
862 2633 1000 2715 Σωκράτει
1055 2636 1125 2694 teles
1137 2636 1200 2693 sive
1211 2634 1429 2710 Theophrastus
1442 2632 1611 2707 habebatur,
1626 2634 1745 2692 alterius
1757 2653 1825 2713 vero

222 2722 267 2782 δύο
282 2721 400 2800 γαμιτδς
414 2731 560 2802 γυναῖκας,
578 2723 736 2796 Ξανθίππην
754 2723 799 2782 καί
813 2722 861 2795 τλν
876 2721 902 2783 Ἀ
907 2723 1000 2802 ριστεί-
1054 2725 1117 2782 sive
1127 2723 1343 2802 Theophrastus
1356 2723 1420 2782 aive
1433 2723 1626 2784 Chamaeleon.

224 2812 267 2869 δσυ
277 2809 388 2890 Μυρτὼ,
400 2811 430 2870 οὗ
442 2816 486 2869 τοῦ
507 2809 608 2870 δικαίου
629 2810 800 2888 καλουμένου,
810 2811 834 2868 ol
848 2808 937 2890 χρόνοι
949 2809 1000 2888 γάρ
1094 2811 1166 2882 Quae
1187 2824 1348 2888 sequuntur
1370 2811 1528 2887 fragmenta
1548 2812 1584 2870 ad
1604 2813 1716 2872 nullum
1731 2813 1826 2891 aptius

222 2901 251 2957 οὐ
265 2903 456 2979 συγχωροῦσιν,
468 2899 537 2958 titt
548 2903 595 2958 τοῦ
613 2899 700 2979 τρίτου
715 2901 761 2958 ἄπ’
773 2901 883 2959 ἐκείνου.
896 2897 957 2958 Εἰσί
971 2897 999 2956 δὲ
1060 2899 1163 2959 referri
1181 2917 1268 2976 posse
1288 2911 1358 2976 puto
1372 2898 1499 2972 librum,
1518 2919 1605 2978 quum
1626 2899 1662 2958 ad
1680 2901 1826 2977 dialogum

224 2985 413 3058 Καλλισθένης,
428 2985 577 3067 Δημήτριος
591 2990 604 3045 d
619 2986 770 3068 Φαληρεὺς,
785 2987 902 3067 Σάτυρος
917 2991 931 3046 δ
946 2989 999 3047 Πε-
1054 2984 1114 3065 πτρί
1132 2983 1256 3056 Ἡδονῆς.
1269 2985 1424 3045 Philoxeni
1444 2989 1552 3046 dictum
1577 2989 1640 3064 ipse
1659 2988 1827 3046 Aristoteles

225 3072 401 3151 ριπατητικδς,
416 3072 598 3151 Ἀριστόξενος,
623 3065 661 3140 οἷς
680 3074 710 3132 τδ
726 3075 861 3152 ἐνδόσιμον
885 3072 999 3154 Ἀριστο-
1053 3075 1085 3131 in
1103 3072 1200 3133 Ethic.
1219 3073 1332 3132 Nicom.
1350 3071 1405 3147 lll,
1429 3095 1474 3146 ιο,
1492 3095 1522 3149 9,
1540 3075 1642 3149 tangit,
1657 3073 1709 3131 uhi
1724 3073 1760 3130 de
1777 3093 1827 3130 νο-

221 3159 297 3231 τέλης
317 3159 414 3218 ἔδωκεν
435 3159 543 3239 ἱστορῶν
562 3165 640 3218 τοῦτο
654 3162 680 3218 ἐν
700 3160 827 3238 τοῖςπερὶ
847 3159 996 3235 Εὐγενείας.
1055 3163 1164 3238 luptate
1173 3161 1305 3237 loquitur
1319 3162 1374 3236 (cs.
1386 3160 1480 3222 Ethic.
1492 3159 1693 3234 Eudem.,·lll,
1708 3181 1739 3235 α,
1753 3161 1825 3219 Pro·

135 3234 139 3249 .
223 3247 256 3306 El
278 3245 315 3322 μὴ
342 3246 394 3326 ἄρα
416 3246 651 3326 συγκεχωρημένον
675 3245 744 3306 κατίι
769 3245 894 3326 ψήφισμα
918 3251 998 3306 τοῦτο
1053 3247 1155 3321 δίαιτα,
1177 3245 1308 3318 xxvtss,
1333 3250 1378 3326 γ),
1400 3247 1589 3325 Sardanapali
1614 3267 1686 3307 vero
1700 3248 1823 3306 mentio·

222 3332 323 3410 ἐγένετο
337 3333 396 3392 τότε
414 3333 457 3391 tit
473 3332 567 3391 σπάνιν
584 3330 745 3418 evoptium,
758 3331 822 3392 ὥστ’
837 3331 932 3401 ἐξεῖναι
952 3333 997 3392 καί
1046 3332 1121 3392 ¹nem
1158 3333 1376 3412 Theophrastus
1412 3335 1444 3392 in
1478 3333 1595 3411 dialogo
1624 3334 1684 3413 περί
1716 3334 1826 3406 Ἡδονῆς

223 3421 267 3480 δύο
289 3420 359 3500 ἔχειν
382 3429 506 3502 γυναῖκας
527 3420 571 3479 τὸν
598 3419 754 3499 βουλόμενον
758 3465 816 3482 .....
843 3423 947 3480 άντεῑπι
971 3421 997 3480 δὲ
1054 3423 1169 3498 fecerat,
1189 3433 1262 3480 teste
1276 3421 1425 3494 Athenaeo,
1441 3419 1505 3491 illl,
1521 3441 1552 3499 p.
1567 3422 1635 3493 ὅτι,
1655 3421 1689 3481 C.
1700 3423 1744 3482 Cf.
1762 3444 1826 3501 quae

222 3519 274 3574 τοῖς
288 3509 392 3586 λέγουσι
406 3509 465 3588 περὶ
479 3512 530 3568 τῶν
545 3508 702 3588 Σωκράτους
711 3512 841 3587 γυναικῶν
855 3510 998 3576 Παναίτιος
1051 3528 1068 3566 e
1088 3509 1204 3585 dialogo
1227 3508 1391 3569 Heraclidis
1407 3509 1524 3569 Pontici
1548 3509 1608 3588 περί
1622 3506 1734 3582 Ἡδονῆς
1749 3513 1825 3588 apud

223 3597 357 3663 o‘l‘ddtoz.
1052 3597 1176 3655 eundem
1191 3597 1339 3673 leguntur,
1355 3605 1394 3675 p.’
1404 3597 1472 3670 51²,
1491 3601 1526 3657 Α.

223 3921 313 3972 nobiles
326 3922 367 3986 qui
379 3934 408 3972 ex
424 3921 464 3972 illo
477 3925 533 3972 sunt
543 3936 629 3986 genere
640 3921 742 3972 oriundi.
754 3925 808 3972 Non
819 3922 907 3972 sultieit
916 3925 995 3972 autem
1052 3921 1114 3971 iuter
1125 3934 1252 3985 genuanos
1264 3925 1302 3975 eet
1320 3921 1453 3972 Arietatetie
1471 3921 1545 3973 libros
1563 3923 1734 3986 retentandus)
1746 3925 1826 3986 Myrto

224 4015 316 4073 patrem
334 4022 389 4060 ease
407 4010 486 4059 virum
503 4011 676 4072 excellentem,
689 4009 732 4060 sed
753 4010 878 4074 antiquum
903 4011 996 4074 generis
1048 4008 1150 4059 tradunt
1164 4007 1275 4058 Aristidis
1290 4021 1321 4059 ex
1339 4009 1389 4058 fitia
1408 4009 1497 4072 neptim
1517 4011 1644 4060 asoerate
1659 4011 1701 4060 itto
1719 4009 1825 4072 sapiente

222 4100 344 4147 auctorem
362 4098 434 4148 talem
446 4097 520 4148 luisse
537 4100 639 4162 oportet.
659 4101 742 4163 Neque
753 4099 817 4148 enim
837 4101 903 4163 pater
915 4112 956 4162 per
970 4111 997 4148 ee
1049 4097 1149 4147 domum
1164 4099 1287 4160 aoeeptam
1302 4095 1430 4148 :habuisse
1438 4097 1535 4160 quidem
1549 4096 1616 4148 titum
1628 4097 1698 4146 aliam
1712 4109 1824 4159 uxorem,

223 4185 311 4235 bonum
323 4185 419 4248 gennit,
434 4184 476 4235 sed
492 4185 547 4249 qitia
559 4199 590 4236 ex
604 4185 645 4236 tali
655 4199 742 4250 genere
752 4189 813 4237 erat.
1051 4197 1135 4234 verum
1150 4197 1207 4234 eum
1224 4183 1288 4235 haue
1302 4183 1335 4234 ob
1352 4184 1457 4248 inopiam
1475 4182 1572 4233 viduam
1584 4186 1610 4234 et
1625 4183 1732 4234 omnum
1743 4196 1824 4235 renim

1050 4284 1149 4335 εςαιοιο
1165 4272 1291 4336 reoepiaee.
1305 4272 1419 4322 ceterum
1430 4270 1514 4321 retulit
1526 4269 1580 4321 haee
1595 4270 1690 4321 abunde
1703 4271 1824 4322 Ροοιεθυε
1883 4334 1885 4337 ¹
1921 4288 1927 4308 =

598 4345 622 4391 l·
1052 4358 1077 4407 in
1094 4359 1161 4408 tibris
1170 4371 1232 4421 quoe
1240 4359 1272 4409 de
1282 4361 1380 4409 Socrate
1391 4358 1496 4421 erripuit.
1883 4422 1888 4435 ·

1081 4449 1125 4498 llis
1137 4449 1222 4512 positia
1238 4463 1286 4500 non
1298 4449 1382 4510 injuria
1395 4447 1515 4511 quisptam
1530 4452 1615 4511 arguat
1624 4459 1667 4497 eos
1683 4448 1724 4512 qui
1736 4461 1824 4501 uxoreo

1050 4535 1111 4585 duaa
1133 4538 1255 4586 Souratem
1270 4536 1384 4586 habuieee
1400 4533 1568 4599 prodiderunt,
1585 4534 1736 4599 Xanthippen
1752 4536 1824 4585 nimi·

1050 4633 1103 4669 rom
1123 4623 1148 4671 et
1168 4621 1262 4684 llyrto,
1283 4619 1410 4684 tristitie,
1425 4633 1475 4670 non
1494 4624 1653 4683 oognomento
1670 4623 1734 4674 tosti
1750 4622 1822 4672 tiliam

255 4499 321 4544 Duae
329 4495 395 4544 ilium
403 4496 647 4558 (Socratemtuxores
654 4494 762 4554 duxisse,
770 4495 874 4558 priorem
884 4495 997 4559 xanthip-

225 4596 284 4646 pen,
304 4595 334 4632 ex
349 4595 396 4644 qua
410 4582 577 4646 Lamproeleiu
597 4581 719 4646 genuerim
737 4581 836 4632 alteram
847 4583 997 4645 tlyrtonem,

223 4669 333 4718 Aristidis
344 4668 408 4719 illiue
417 4669 474 4732 justi
495 4669 585 4730 filiam,
600 4682 673 4732 quam
687 4669 778 4720 etatae
797 4668 855 4720 dote
866 4671 996 4734 acceperit,

223 4771 325 4821 quaeque
351 4757 396 4821 ipsi
423 4757 609 4821 sophronianum
633 4759 839 4821 Menexeoumque
864 4759 995 4822 pepererit,

223 4846 362 4896 Arismtetea
382 4848 467 4896 auetor
485 4847 530 4896 est.
549 4845 594 4895 itit
614 4846 749 4908 Myrtooem
765 4845 831 4894 illum
840 4845 996 4905 onustatis·

224 4946 262 4994 se,
273 4919 386 4985 nonnulli
403 4936 517 4997 unisque
529 4933 599 4984 timul
612 4932 724 4982 habuisse
734 4932 843 4993 tradunt,
863 4945 893 4984 ex
910 4933 997 4995 quibua

223 5022 247 5070 et
259 5023 357 5085 Satyrus
370 5023 440 5073 estet
448 5022 609 5085 hieronymus
623 5019 739 5071 Rhodion

254 5110 388 5160 Βετοοτιίυο
405 5109 548 5173 Phalereus,
568 5107 994 5172 Hieronymus‘tthodtusmnuoxe·

225 5207 270 5244 ουε
282 5199 390 5249 mutium
409 5200 434 5249 et
449 5197 587 5250 Aristoteles
599 5197 633 5260 (sl
652 5195 724 5247 modo
743 5196 803 5248 liber
819 5195 850 5250 de
869 5198 996 5249 Nobilitate

1050 4707 1059 4766 i
1068 4708 1201 4770 repugnant
1210 4707 1275 4757 euim
1283 4708 1391 4770 tmtpora
1397 4709 1416 4768 ),
1428 4705 1470 4757 ted
1480 4706 1533 4770 eiua
1543 4708 1584 4771 qui
1596 4707 1628 4758 ab
1638 4723 1667 4759 eo
1675 4710 1762 4760 tertiat
1775 4716 1821 4762 ert.

1048 4795 1164 4845 tuetorer
1172 4792 1224 4856 ejut
1236 4793 1272 4845 τα·
1284 4795 1342 4844 aunt
1352 4794 1523 4855 Gadiaheoea,
1537 4795 1672 4857 Βαοοίήυο
1685 4796 1822 4862 Phalereus,

1048 4882 1148 4944 satyrus
1168 4881 1354 4946 Peripateticae,
1375 4881 1555 4934 Aristoxenus:
1573 4882 1661 4947 quium
1673 4885 1703 4934 ed
1720 4885 1744 4934 ld
1765 4887 1822 4936 seri·

1049 4968 1154 5019 bendum
1169 4981 1255 5019 eneam
1272 4968 1339 5021 dedit
1352 4969 1506 5032 ammeta,
1521 4971 1563 5035 qul
1579 4971 1641 5022 libro
1654 4972 1685 5023 de
1695 4973 1823 5024 Nobilitate

1049 5056 1123 5108 literis
1140 5056 1166 5107 id
1177 5056 1327 5108 mandaut..
1341 5055 1384 5107 llis
1398 5057 1439 5122 qul
1450 5057 1481 5109 de
1489 5057 1583 5110 duahua
1594 5061 1698 5110 Socratis
1706 5061 1823 5112 utotihne

1049 5147 1207 5209 scripeermt,
1218 5147 1362 5199 eontradtxit
1375 5149 1495 5201 Panaetius
1506 5149 1620 5202 Rhodiae.
