4017 5984
215 383 276 461 iss

214 611 252 701 ιΙρ
271 608 349 669 ababa
364 609 382 682 i,
396 614 448 668 τῶν
460 614 549 684 αὐτοῦ,
567 618 612 672 τοῦ
627 613 762 693 ὀλιγωριῖν
786 614 981 696 προσηκόντως,

214 710 314 757 exilit.

254 784 348 845 Aliter
359 806 430 846 vero
439 787 475 846 de
487 787 534 847 his
548 788 729 849 statuendum
740 790 797 849 etit
808 790 894 863 locis,
909 811 984 869 quos

214 873 291 932 inira
303 892 340 932 ex
353 876 453 934 eodem
470 879 577 936 Seneca
594 878 812 957 exscripsimus,
828 879 983 958 inquibus

212 973 365 1040 postquam
381 964 561 1024 Aristotelem
575 964 628 1023 irae
643 964 823 1025 defensorem
839 967 983 1027 exstitisse

213 1048 381 1124 affirmarit,
405 1070 502 1110 eume
523 1052 688 1111 Stoicorum
709 1053 849 1113 doctrina
863 1056 982 1114 rationi·

212 1135 268 1195 bus
281 1137 453 1218 impugnare
469 1153 686 1215 aggressusest.
696 1139 796 1199 Talem
811 1155 904 1201 autem
917 1161 982 1201 sen-

212 1223 330 1282 tentiam
345 1244 434 1303 quum
445 1243 561 1303 nequee
570 1226 870 1305 superstitibuslibris
881 1228 982 1307 philo·

211 1309 305 1388 sopho
317 1312 465 1389 propriam
479 1312 567 1371 luisse
578 1312 764 1393 comprobari
776 1316 878 1395 possit,
888 1336 982 1394 neque

213 1394 366 1476 qnisquam
388 1399 463 1458 alius
484 1400 634 1461 Aristoteli
648 1401 773 1477 tribuat,
787 1404 857 1461 satis
869 1403 979 1483 proba-

210 1483 310 1544 biliter
330 1485 451 1544 tortasse
478 1488 619 1565 conjicias
645 1490 810 1551 Aristotelis
838 1512 981 1552 nomena

210 1576 317 1631 Seneca
341 1574 417 1631 male
446 1594 501 1653 pro
524 1570 784 1655 Peripateticorum
807 1584 978 1659 usurpatum

210 1659 308 1731 luisse,
315 1662 635 1739 quippequosinsimili
643 1665 728 1745 plane
735 1671 981 1744 argumentatione

209 1745 378 1807 aCicerone
396 1762 424 1807 et
434 1750 605 1811 Philodemo
620 1752 673 1832 (ci.
687 1754 763 1813 inira
774 1755 810 1813 ad
829 1755 930 1833 lragm.
943 1759 977 1835 3)

209 1836 374 1897 nominatos
387 1838 547 1900 videamus.
931 1848 937 1861 '

247 1923 349 1983 Talem
380 1944 451 1984 vero
485 1926 516 1985 in
546 1928 701 1989 alienandis
733 1931 857 1991 aliorum
882 1930 980 1991 verbis

208 2013 342 2090 supinam
357 2013 502 2071 levitatem
517 2034 534 2072 a
549 2013 657 2075 Seneca
669 2036 729 2075 non
740 2018 864 2077 alienam
877 2019 977 2090 luisse,

208 2098 255 2157 rel
276 2118 337 2159 uno
357 2101 492 2180 exemplo
506 2102 697 2164 demonstrari
711 2107 827 2183 poterit.
841 2106 905 2165 Non
920 2106 978 2163 mi-

207 2206 262 2245 uus
274 2189 353 2246 enim
376 2191 532 2250 oscitanter
547 2193 655 2271 scripta
674 2208 739 2255 sunt
756 2216 821 2272 quae
840 2196 977 2272 leguntur

206 2274 285 2349 apud
299 2274 473 2351 eundcmde
486 2278 598 2340 Brevit.
617 2282 687 2340 uitae
705 2303 731 2342 c.
750 2303 762 2339 ι
786 2288 883 2342 :Inde
899 2285 978 2340 Aar-

207 2380 357 2420 suerent
382 2384 550 2423 cumrerum
572 2381 674 2426 namra
694 2376 837 2447 exigenti,
865 2376 978 2428 minime

206 2457 367 2508 conueniens
380 2458 502 2526 sapienti
514 2461 575 2511 uiro
588 2459 623 2512 lis
638 2470 680 2514 est
691 2477 703 2517 .·
715 2460 795 2515 illam
809 2460 977 2514 animalibus

205 2533 319 2595 tantum
335 2542 496 2610 indulsisse,
513 2555 543 2598 ut
555 2549 640 2617 quina
651 2559 701 2601 aut
712 2549 788 2603 dena
801 2549 897 2602 secula
909 2550 976 2602 edu·

205 2642 300 2685 cerent
309 2671 320 2703 ,
335 2628 443 2684 bomini
461 2636 490 2684 in
511 2642 570 2685 tarn
588 2636 679 2688 multa
695 2653 730 2690 ac
743 2652 849 2707 magna
860 2624 974 2709 genitb,
1017 2623 1020 2629 ¹

197 2730 285 2774 tunm
307 2723 458 2774 citeriorem
481 2726 626 2775 terminum
651 2736 738 2779 stare.
759 2721 845 2791 Quod
866 2721 975 2782 dictum

204 2804 417 2884 T’betspltrasti,
439 2825 499 2863 non
511 2824 584 2865 vero
605 2808 773 2868 Aristotelis
789 2828 870 2880 esse,
885 2812 976 2870 notis·

204 2890 279 2951 sima
293 2892 444 2952 Ciceronis
464 2892 555 2953 verba
574 2893 722 2954 declarant
734 2896 854 2956 'l'uscul
869 2896 977 2976 Dispu-

204 2990 255 3038 ιιι.
266 2977 322 3052 tlt,
335 2982 381 3040 ιι.

241 3067 383 3144 Opinioni
397 3087 483 3145 quam
502 3066 608 3127 llosius
628 3069 780 3148 amplexus
799 3082 859 3140 est,
877 3071 974 3131 dialo-

204 3153 268 3229 gice
281 3155 477 3231 conscriptum
491 3155 578 3214 miae
590 3154 699 3214 librum
706 3155 767 3234 napi
776 3159 868 3215 παθῶν
877 3156 975 3237 Ὀργῆς

203 3260 298 3319 neque
312 3242 377 3319 ipse
390 3242 491 3300 titulus
501 3241 579 3300 lauet
591 3260 686 3319 neque
699 3245 778 3301 locus
791 3264 876 3322 quem
887 3246 917 3304 in
929 3248 975 3304 in·

204 3328 269 3387 dice
279 3328 403 3389 obtinet.
415 3328 547 3387 Ceterum
559 3329 646 3407 plane
664 3330 809 3391 diversant
821 3332 974 3393 Aristoteli

203 3416 292 3475 luisse
305 3416 342 3475 de
353 3416 407 3475 ira
423 3417 594 3476 sententiam
607 3437 694 3495 quam
707 3439 772 3497 quae
789 3439 807 3479 a
825 3418 933 3480 Seneca
945 3424 973 3481 ei

203 3504 355 3580 tribuitur,
368 3503 524 3564 ostendunt
535 3504 693 3583 ingruente
704 3506 845 3566 aloanne
854 3505 971 3567 Stobaeo

192 3602 315 3691 seruata
328 3611 393 3669 que
409 3612 426 3651 e
439 3591 558 3668 dialogo
570 3592 606 3652 de
617 3591 735 3654 lustitia
748 3595 898 3674 desumpta
910 3615 973 3657 esse

192 3696 385 3754 conjicimus.

524 3859 537 3897 1
566 3838 662 3919 ins).

240 3977 349 4040 Seneca
362 3980 398 4039 de
418 3980 465 4039 lra
487 3979 513 4054 l,
537 4001 569 4059 9,
590 4002 607 4039 a
628 3987 722 4055 :lra,
744 3990 834 4061 inquit
847 3986 971 4042 Amsso-

201 4064 298 4139 annes,
320 4076 475 4127 necessaria
492 4084 542 4140 est,
556 4090 607 4127 nec
621 4074 772 4147 quidquam
783 4078 842 4129 sine
852 4076 904 4129 illa
918 4092 971 4129 ex·

196 4164 322 4231 pugnari
326 4171 428 4233 potest,
447 4163 502 4213 nisi
519 4161 570 4213 illa
584 4162 703 4235 impleat
712 4166 837 4217 animum
849 4155 970 4237 etspiri'·

200 4258 257 4300 tum
279 4247 424 4303 accendat.
449 4246 588 4303 Utendum
608 4261 701 4304 autem
722 4252 775 4305 illa
787 4264 845 4317 est,
869 4270 925 4307 non
942 4263 972 4306 ιιι

199 4334 274 4402 duce,
293 4336 344 4390 sed
351 4348 382 4391 ut
393 4336 490 4394 milite.
505 4336 589 4409 Quod
600 4350 644 4392 est
646 4336 769 4409 salsum.

521 4510 538 4547 ι
561 4491 654 4567 (ιιι).

224 4629 349 4691 -Seneca
366 4630 402 4689 de
419 4628 467 4688 lra
480 4629 521 4702 ll,
538 4650 608 4703 ¹n1
631 4652 639 4687 s
660 4630 853 4691 Anssaorcnss
871 4640 912 4689 ait
924 4633 972 4707 as-

193 4716 290 4793 sectas
300 4721 434 4795 quosdam
452 4725 545 4794 siquis
558 4722 618 4775 illis
628 4721 698 4775 bene
710 4733 805 4777 utotur
816 4741 869 4795 pro
883 4729 971 4779 armis

199 4829 270 4871 esse.
291 4811 374 4883 Quod
397 4828 495 4866 uerunt
511 4808 604 4881 soret,
617 4814 644 4864 si
659 4812 737 4865 uellit
751 4812 854 4867 bellica
870 4816 970 4867 instru-

201 4910 296 4955 menta
308 4902 381 4955 sumi
394 4899 550 4973 deponique
557 4909 670 4972 possent
682 4899 822 4953 induentis
839 4898 968 4956 arbitrio.

201 4987 272 5041 lloec
289 5006 382 5059 arnna,
397 5004 462 5061 quor
478 4986 639 5041 Aristoteles
650 4990 750 5041 uirtuti
760 4985 822 5054 dat,
844 4988 907 5060 ἰρια
918 5003 973 5061 per

200 5091 230 5129 te
234 5087 375 5151 pugnant,
384 5093 440 5131 aon
452 5068 615 5149 exspectarit
623 5093 748 5144 manum,
763 5072 871 5130 babeat
876 5085 905 5128 et
916 5093 971 5129 non

186 5158 347 5223 debentur.

743 396 987 469 ARISTOTELIS
1009 402 1258 471 FRAGMENTA.

213 523 343 601 τιμωρίας
356 524 514 601 φαινομένης
535 523 579 584 tsi
597 526 758 607 φαινομένην
771 526 912 608 ὀλιγωρίαν
929 533 981 589 siis
1060 566 1061 571 κ

1366 533 1382 589 3
1404 531 1499 614 (²17).

1076 678 1182 735 Seneca
1193 675 1229 735 de
1246 676 1296 736 Ira
1310 675 1363 749 ΙΙΙ,
1377 677 1406 753 3,
1423 698 1436 735 1
1457 698 1464 735 ι
1476 682 1576 754 Atqui,
1591 692 1621 734 ut
1633 685 1662 735 in
1670 674 1818 756 prioribus

1037 764 1197 835 librisdiai,
1213 777 1271 821 stat
1283 765 1476 823 Antsrorsnss
1490 764 1620 838 defensor
1628 773 1679 825 iroe
1687 783 1715 827 et
1727 786 1817 829 uetat·

1036 853 1117 919 illam
1130 854 1207 909 nobis
1219 858 1352 911 exsecari.
1367 855 1472 911 Calcor
1481 860 1522 911 ait
1531 875 1590 911 esse
1608 861 1730 917 uirtutis.
1748 860 1808 915 Hac

1036 952 1131 1014 erepta
1142 946 1274 997 inermem
1287 946 1412 997 animum
1423 944 1500 998 etad
1509 956 1623 999 conatus
1636 964 1752 1019 magnos
1759 936 1817 1021 pi·¹

1034 1043 1115 1099 grum
1132 1033 1301 1103 inertemque
1309 1028 1383 1096 fieri.
1804 1100 1808 1109 Ι

1076 1112 1133 1171 Nec
1143 1114 1241 1174 minus
1251 1113 1287 1173 ad
1297 1115 1492 1189 Aristotelem,
1501 1134 1552 1175 seu
1560 1118 1669 1195 potius,
1681 1131 1810 1197 utsupra

1034 1196 1171 1273 diximus,
1186 1202 1222 1260 ad
1232 1201 1440 1276 Aristotelicos,
1455 1216 1583 1281 spectare
1594 1204 1730 1265 videntur
1744 1226 1809 1284 que

1035 1285 1107 1345 dicit
1120 1286 1177 1361 ΙΙΙ,
1190 1289 1218 1360 3,
1237 1288 1253 1346 5
1271 1310 1278 1347 ι
1295 1290 1360 1350 Non
1371 1304 1413 1346 est
1431 1310 1498 1365 ergo
1509 1294 1585 1367 quod
1593 1312 1638 1348 me
1648 1306 1730 1367 putes
1739 1308 1808 1351 um·

1031 1394 1085 1449 pus
1105 1382 1134 1433 in
1156 1372 1332 1453 superieceris
1345 1398 1522 1451 consumere,
1545 1382 1622 1455 quod
1642 1387 1714 1437 iram
1729 1390 1812 1457 quasi

1034 1464 1127 1521 dubioe
1140 1469 1219 1541 apud
1227 1466 1354 1523 homines
1366 1472 1508 1542 opinionis
1517 1473 1553 1523 sit
1564 1466 1713 1542 infamem,
1722 1489 1807 1544 quum

1034 1554 1137 1627 aliquis
1155 1558 1195 1623 sit
1211 1556 1372 1633 etquidem
1390 1556 1426 1609 cle
1446 1556 1598 1609 itineribus
1619 1555 1806 1629 pbilosophis,

1034 1645 1082 1714 qui
1099 1644 1142 1697 illi
1156 1642 1264 1698 indicat
1276 1660 1377 1717 operas
1390 1654 1420 1698 et
1436 1653 1578 1717 tamquam
1592 1645 1688 1699 utilem
1707 1655 1735 1698 et
1745 1650 1808 1718 spi-

1033 1734 1101 1785 ritus
1123 1732 1378 1787 subministrantem
1406 1736 1435 1785 in
1461 1734 1586 1805 praelia,
1612 1736 1641 1785 in
1666 1743 1744 1787 octus
1765 1748 1810 1785 re-

1033 1836 1103 1887 rum,
1115 1821 1157 1874 ad
1163 1838 1245 1875 omne
1257 1820 1435 1895 quodcunque
1451 1820 1544 1875 calore
1553 1822 1646 1893 aliquo
1656 1820 1814 1895 gerendum

1032 1914 1075 1960 esi
1088 1919 1179 1964 uocet.

1072 1988 1199 2050 Eandem
1223 1990 1393 2050 sententium
1415 2010 1501 2068 quam
1516 1992 1565 2051 hio
1585 1994 1735 2069 impugnat
1757 1992 1810 2048 Se·

1033 2095 1104 2135 neca
1129 2091 1158 2136 et
1176 2076 1246 2135 alibi
1267 2078 1369 2153 tangit,
1387 2076 1429 2135 ita
1449 2077 1488 2150 ll,
1512 2080 1560 2155 15,
1586 2099 1613 2152 1,
1637 2076 1677 2147 ll,
1706 2077 1754 2149 16,
1780 2097 1806 2155 s,

1031 2163 1072 2237 ll,
1099 2165 1144 2236 16,
1166 2167 1195 2242 3,
1210 2166 1371 2244 praesertim
1389 2184 1459 2223 vero
1474 2164 1500 2238 l,
1519 2187 1548 2239 7,
1567 2187 1579 2223 1
1599 2184 1607 2225 ι
1631 2169 1805 2241 Numquid..

1032 2259 1074 2309 ira
1085 2256 1259 2311 adsumenda
1272 2268 1323 2325 est,
1336 2262 1404 2329 quia
1417 2256 1494 2309 utilis
1508 2252 1670 2329 soepesuiti’
1689 2256 1809 2311 Earottu

1031 2346 1139 2399 animos
1152 2354 1182 2399 et
1194 2347 1309 2412 incitat,
1335 2362 1385 2401 nee
1404 2348 1553 2417 quicquam
1567 2346 1627 2398 sine
1640 2345 1693 2397 illa
1707 2348 1806 2415 magici

1027 2426 1113 2498 ficum
1136 2432 1165 2482 in
1186 2424 1258 2483 bello
1281 2428 1415 2491 fortitudo
1428 2434 1511 2505 gerit,
1525 2434 1581 2485 uisi
1595 2429 1662 2485 ltine
1680 2434 1806 2503 stamma

1031 2516 1144 2570 subdita
1158 2529 1241 2571 estet
1259 2516 1307 2573 laic
1316 2520 1441 2573 stinrrtltts
1446 2521 1622 2591 peragitavit
1636 2522 1762 2592 misitque
1777 2524 1806 2575 ia

1028 2605 1155 2677 pericula
1170 2606 1302 2663 audaces.
1324 2606 1465 2680 Optimum
1477 2609 1570 2679 itaque
1583 2606 1698 2679 quidam
1705 2616 1809 2679 putant

1030 2704 1186 2767 temperare
1202 2698 1285 2763 iram,
1298 2712 1353 2749 non
1368 2696 1476 2764 tollere,
1496 2712 1581 2767 eoque
1594 2694 1718 2751 sbtracto
1733 2696 1809 2769 quod

1029 2785 1157 2839 exundat
1169 2786 1210 2839 ad
1217 2786 1371 2841 saltitarem
1388 2785 1499 2841 modum
1518 2801 1627 2857 cogere,
1642 2784 1673 2839 id
1683 2802 1752 2839 uero
1762 2803 1806 2839 re·

1030 2874 1118 2927 tinere
1127 2876 1187 2927 sine
1197 2891 1250 2946 quo
1259 2872 1404 2945 languebit
1415 2874 1490 2927 actio
1500 2874 1577 2926 etuis
1584 2888 1619 2927 ac
1629 2876 1712 2943 uigor
1719 2876 1807 2927 animi

1028 2961 1188 3021 resolvetur.

1069 3042 1220 3107 Ciceronis
1234 3046 1320 3124 plane
1337 3045 1444 3104 similis
1458 3044 1540 3113 loeus
1557 3045 1664 3121 dequo
1674 3046 1735 3117 jam
1749 3044 1799 3101 lo-

1029 3131 1089 3190 cuti
1112 3151 1213 3192 suiuus
1234 3132 1283 3191 hic
1305 3144 1367 3208 est,
1385 3132 1504 3191 Tuscul.
1521 3130 1638 3209 Disput.
1661 3130 1717 3203 tv,
1740 3152 1800 3207 19:

1029 3222 1126 3290 (lucidi
1153 3224 1230 3295 quod
1251 3224 1336 3277 iidem
1351 3250 1355 3260 =
1368 3222 1556 3292 Peripatetici,
1581 3220 1803 3292 perturbationes

1028 3312 1104 3373 istas,
1124 3326 1193 3382 quas
1207 3328 1257 3364 nos
1277 3308 1475 3381 exstirpandas
1489 3318 1627 3379 putamus,
1650 3325 1706 3363 non
1721 3310 1803 3365 mocio

1027 3396 1170 3451 innaturales
1180 3412 1239 3449 esse
1256 3396 1363 3467 dieunt,
1378 3394 1430 3447 sed
1445 3396 1530 3447 etiarn
1544 3394 1651 3470 utiliter
1668 3411 1686 3447 a
1700 3404 1803 3451 namra

1026 3494 1120 3548 datas.
1132 3492 1254 3563 (litorum
1263 3504 1304 3547 est
1317 3492 1383 3545 talis
1394 3494 1493 3549 oratio.
1504 3490 1628 3545 Priruum
1638 3492 1731 3547 multis
1738 3512 1803 3548 uers

1027 3584 1068 3637 bis
1075 3580 1249 3635 iracundiam
1263 3580 1396 3647 Ιιιιιιιιιιιι,
1407 3589 1495 3633 cotem
1500 3576 1676 3647 fortitudinis
1686 3598 1747 3635 esse
1758 3583 1802 3637 di-

1026 3681 1092 3726 cunt
1103 3668 1243 3743 multoque
1257 3678 1287 3723 et
1301 3674 1330 3723 in
1344 3668 1449 3723 bostem
1465 3679 1494 3723 et
1508 3672 1537 3722 in
1552 3668 1706 3742 improbum
1716 3674 1801 3725 ciuem

1025 3757 1243 3814 uehementiores
1257 3761 1389 3813 iratorum
1415 3760 1533 3829 inpetus
1554 3772 1624 3816 esee.
1646 3756 1801 3823 Leuesau·

1026 3859 1080 3903 tem
1098 3847 1270 3902 ratiunculas
1292 3862 1385 3909 eorum
1403 3849 1506 3918 quiite
1523 3848 1680 3917 cogitarent
1697 3864 1707 3898 .·
1716 3863 1801 3919 pra·

1026 3936 1095 3991 lium
1113 3945 1216 3990 rectum
1230 3945 1271 3989 est
1290 3932 1342 3988 hoc
1355 3933 1442 4005 fieris
1458 3937 1585 3989 convenit
1599 3934 1731 3987 ‹linticare
1743 3950 1801 4005 pro

1027 4024 1151 4097 legibus,
1167 4039 1223 4097 pru
1243 4018 1385 4094 libertate,
1395 4039 1452 4094 pru
1463 4024 1573 4094 patria.
1595 4020 1665 4075 Hac
1689 4019 1798 4075 nullom

1025 4111 1132 4167 babent
1143 4116 1215 4178 uini,
1226 4114 1281 4165 nisi
1293 4113 1336 4165 ira
1350 4106 1654 4176 excanduitsortitudo.
1665 4108 1799 4161 liecuero

1023 4196 1253 4255 debellatoribus
1265 4197 1353 4251 saltem
1366 4196 1525 4271 disputan&
1538 4198 1656 4269 imperia
1664 4196 1798 4248 severiora

1024 4287 1105 4341 nulla
1117 4303 1176 4339 esse
1182 4286 1349 4357 putantsine
1362 4285 1458 4357 aliqua
1472 4282 1623 4336 acerbitate
1630 4280 1796 4339 iracundiae.

1026 4375 1170 4431 Oratorem
1185 4372 1303 4445 denique
1314 4389 1369 4426 non
1387 4371 1467 4426 ιιιοάο
1483 4380 1666 4438 accusantem,
1692 4367 1743 4422 sed
1763 4385 1799 4421 ne

1023 4456 1219 4525 defendentem
1229 4460 1339 4533 quidem
1350 4458 1474 4531 probant
1484 4460 1545 4537 sine
1564 4454 1797 4526 aculeisirocun·

1024 4549 1092 4613 elice.
1110 4548 1181 4619 (lua
1193 4552 1376 4621 etiamsinon
1394 4546 1484 4614 adsit,
1499 4554 1592 4599 tamen
1606 4542 1701 4598 uerbis
1714 4552 1798 4617 atque

1024 4648 1100 4692 ιιιοιιι
1117 4638 1304 4693 simulandam
1328 4636 1506 4709 arbitrantur,
1523 4643 1555 4686 ut
1572 4632 1707 4697 auditoris
1723 4634 1796 4685 iram

1024 4731 1142 4781 motoris
1153 4726 1285 4781 incendat
1298 4729 1382 4781 actio.
1397 4724 1495 4777 Virum
1508 4720 1627 4793 denique
1639 4718 1734 4773 uideri
1746 4735 1798 4772 ne·

1024 4823 1108 4887 gant,
1126 4818 1174 4887 qui
1189 4816 1273 4868 irasci
1288 4816 1394 4867 nesciat
1413 4826 1530 4884 eamque
1552 4826 1635 4881 quam
1653 4807 1796 4861 lenitatem

1025 4919 1075 4956 nos
1095 4902 1229 4969 dicimus,
1249 4905 1351 4955 uitiosa
1374 4898 1545 4954 lentitudinis
1562 4900 1674 4951 nomine
1695 4895 1796 4969 appel-

1027 4989 1099 5043 lant.
1121 4984 1165 5045 Cl.
1182 4984 1383 5044 Philodemum
1408 4982 1444 5042 de
1462 4982 1521 5055 lto,
1543 4981 1575 5041 in
1597 4980 1706 5041 volum.
1725 4980 1795 5039 ller-

1027 5074 1084 5132 cul.
1102 5071 1199 5137 Onon.
1220 5073 1307 5146 allai,
1320 5072 1355 5130 P.
1370 5070 1396 5145 l,
1413 5072 1470 5133 col.
1484 5074 1522 5139 ot
1540 5066 1646 5129 s'llum
1657 5071 1719 5148 γοῦν
1743 5071 1798 5127 τῶν

1029 5161 1262 5241 Πιριιιιιτιτιιῶν,
1277 5155 1312 5227 ὥς
1327 5180 1377 5219 που
1397 5156 1442 5218 uei
1462 5157 1586 5240 πρόιιριν
1605 5152 1796 5236 παριμνῆσθη-
