4017 5984
602 374 874 448 TEGEATARUM,
899 373 1146 437 TENEDIORUM
1166 372 1423 434 RESPUBLICAE.
1751 374 1805 433 iot

208 508 374 589 Ἐπίχαρμός
400 530 427 565 τε
455 506 505 586 γδιρ
528 507 555 565 ἐν
579 514 636 573 ταῖς
658 506 775 586 Χύτροις
801 506 913 585 ρησίν...
934 508 980 565 καὶ
1035 509 1112 563 τοῦτο
1131 503 1280 580 θαυμάζειν·
1301 503 1348 562 καλ
1376 502 1427 583 γδρ
1445 502 1687 583 ’Ἀριστοτέλης
1710 504 1736 561 ἐν
1753 511 1811 570 ταῖς

205 595 442 678 Ἀριστοτέλης
458 597 484 655 ἐν
507 595 725 674 τῇΤαραντίνων
744 594 870 676 Πολιτείορ
888 595 980 653 καλεῖ·
1037 589 1168 669 Ἀρκάδων
1193 590 1258 667 πρὸς
1270 589 1491 666 Λακεδαιμονίους
1506 591 1646 662 συνθήκαις
1665 590 1811 672 γεγράφθαι

204 685 269 747 σθαί
296 708 361 766 φησι
392 684 510 761 νόμισμα
535 686 598 763 παρ’
626 683 712 751 αύτοῖς
734 688 849 759 νοῶμμον
873 682 981 763 (immo

201 773 298 852 νόμον,
309 774 346 834 cl.
364 773 468 848 fragm.
481 770 673 851 praecedens),
691 774 731 851 ἐρ’
746 764 776 830 οὗ
787 774 981 831 ἐντετυπῶσθαι

204 862 333 941 ’Τάραντα
345 860 389 919 τδν
401 862 566 925 Ποσειδῶνος
577 860 676 939 δελρῖνι
692 858 878 941 ἐποχούμενσν.

244 950 285 1009 Cf.
302 948 460 1008 Pausanias
471 944 509 1024 Χ,
528 949 574 1019 13,
591 948 618 1007 5.

480 1090 694 1153 TETbaTtti'.

501 1246 558 1303 ιιι
576 1245 667 1321 (τοι).

245 1381 341 1441 schot.
364 1380 514 1459 Apollonii
532 1379 627 1439 naor.
649 1378 698 1453 ιν,
715 1382 771 1449 scr
790 1378 933 1457 ιἰριιιες
953 1377 999 1447 ιι,
1019 1410 1022 1417 -

198 1468 246 1527 καί
256 1467 366 1547 πρόσθεν
378 1486 386 1526 :
401 1466 436 1526 Ol
450 1466 571 1547 Ἀρκάδες
582 1468 685 1525 δοκοῦσι
698 1466 803 1547 πρὸτῆς
816 1466 927 1539 σελήνης
937 1489 978 1543 γε·

191 1556 312 1635 λγονέναι,
326 1558 361 1622 ῶς
370 1555 415 1615 καλ
425 1554 537 1625 Εὔδοξος
545 1560 570 1615 έν
582 1559 631 1633 γῆς
642 1556 798 1635 Περιόδῳ...
809 1558 934 1623 Μνασέας
947 1554 977 1613 δέ

201 1667 266 1724 φησι
279 1644 444 1723 Προσέληνον
460 1643 592 1723 Ἀρκάδων
609 1646 775 1723 βασιλεῦσαι.
792 1643 978 1723 Ἀριστοτέ-

201 1734 260 1803 λης
274 1730 301 1809 δέ
314 1732 340 1789 tr
355 1734 388 1809 τῇ
403 1734 542 1807 Τεγεατῶν
560 1731 687 1811 Πολιτείορ
701 1730 780 1811 ρησὶν
794 1730 834 1787 θ’τι
850 1730 978 1811 βάρόαροι

196 1817 246 1891 τὴν
263 1818 400 1899 Ἀρκαδίαν
419 1817 541 1899 ᾤκησαν,
555 1816 650 1887 οίτινες
668 1818 845 1891 ἔξεῶλήθησαν
858 1818 909 1877 ὑπὸ
925 1822 977 1877 τῶν

199 1904 332 1985 Ἀρκάδων
358 1904 516 1980 ἐπιθεμένων
533 1908 627 1971 αὐτοῖς’
645 1907 696 1985 πρὸ
712 1912 756 1965 τού
778 1907 905 1965 ἐπιτεῖλαι
928 1908 976 1977 τήν

200 1992 328 2063 σελήνην,
345 1991 384 2049 διὸ
401 1992 645 2065 κατωνομάσθησαν
660 1996 828 2071 προσέληνοι.

241 2079 402 2157 Ιίνιεοτίρείι
420 2078 608 2137 Scholiastem
623 2080 754 2139 Eudbcia
768 2082 847 2142 viui.
862 2104 892 2159 p.
908 2084 976 2151 438.

500 2238 556 2298 arb
581 2230 672 2307 (586).

239 2370 386 2429 Plutarch.
398 2372 505 2440 Quaest.
522 2373 618 2435 Graec.
634 2396 661 2435 c.
679 2376 696 2432 5
710 2396 717 2430 ι
729 2374 831 2440 Τίνες
844 2378 874 2433 οἱ
888 2380 977 2459 παρὰ

197 2458 332 2543 Ἀρκάσι
345 2458 401 2517 καὶ
414 2461 697 2537 Λακεδαιμονίοις
715 2465 875 2542 χρηστοί,
890 2470 976 2527 Λακε-

199 2545 978 2628 δαιμόνιοιΤεγεάταιςδιαλλαγέντεςἐποιήσαντοσυνθήκας

196 2638 243 2697 καὶ
257 2634 356 2706 στήλην
367 2634 409 2690 ἐπ’
425 2637 536 2717 Ἀλριιῷ
550 2636 638 2708 κοινήν
655 2638 820 2712 ἀνέστησαν,
836 2644 864 2699 ἐν
877 2648 894 2717 ᾗ
910 2646 977 2720 μετίι

198 2727 250 2781 τῶν
275 2722 361 2779 ἄλλοιν
383 2719 530 2800 γέγραπται
546 2726 711 2796 Μεσσηνίους
731 2726 853 2787 ἐκόαλεῐν
875 2730 905 2787 ἐκ
931 2735 978 2802 τῆς

197 2809 287 2926 χώρας
300 2808 345 2867 καὶ
360 2804 398 2883 μὴ
419 2809 513 2876 ἐξεῖναι
524 2811 655 2891 χρηστοὺς
670 2814 764 2873 ποιεῖν.
786 2814 979 2893 Ἐξηγούμενος

196 2924 243 2959 ουν
266 2902 280 2959 θ
300 2896 525 2976 Ἀριστοτέλης
546 2900 621 2959 τοῦτό
642 2924 707 2981 φησι
733 2898 859 2961 δύνασθαι
882 2907 913 2965 τὸ
940 2906 977 2983 μδ,

199 2984 385 3045 ἀποκτιννύναι
396 2984 515 3065 βοηθείας
525 2988 603 3068 χάριν
618 2996 670 3055 τοῖς
679 2990 851 3058 λακωνίζουσι
865 2995 917 3051 τῶν
930 2997 979 3055 Tt-

198 3077 309 3153 γεατῶν.

238 3165 364 3224 Eandem
377 3186 438 3225 rem
451 3166 556 3225 iterum
571 3168 666 3242 tangit
680 3168 854 3229 Plutarchus
866 3170 974 3241 Ouaest.

189 3252 283 3316 'llorm
306 3274 333 3316 c.
355 3254 392 3313 52
412 3277 419 3313 ε
437 3252 489 3314 did
502 3254 578 3333 τίτῇ
598 3256 751 3337 καλουμένῃ
774 3258 881 3339 Γενείτῃ
897 3264 977 3343 Μάνη

197 3342 263 3401 κύνα
279 3342 384 3417 θύουσι,
400 3342 445 3402 καλ
464 3342 639 3423 κατεύχονται
661 3344 763 3421 μηδένα
777 3349 893 3426 χρηστὸν
909 3354 977 3411 ἄπο-

196 3430 277 3501 θῆναι
289 3432 341 3489 τῶν
353 3433 492 3509 οἰκογενῶν
501 3455 547 3505 ;...
558 3428 598 3491 Ἢ
615 3431 660 3491 διδι
674 3433 703 3491 τὸ
719 3432 850 3515 χ’ρηστούς
863 3430 976 3519 κομψῶς

195 3516 318 3597 λέγεσθαι
326 3517 386 3587 τούς
396 3522 585 3591 τελευτῶντας,
600 3518 772 3597 αἰνιττόμενοι
784 3521 827 3579 ui
836 3528 881 3595 τῆς
891 3528 976 3605 εὐχῆς,

200 3608 336 3665 αἰτοῦνται
350 3607 450 3682 μηδένα
460 3610 512 3665 τῶν
526 3607 652 3667 συνοίκων
666 3612 823 3684 ἀποθανεῖνς
842 3616 883 3673 Oi
898 3615 975 3675 δεῖδὲ

1036 678 1116 759 ῳησί,
1131 677 1232 754 μηδένα
1253 678 1369 758 χρηστόν
1394 686 1477 735 ποιεῖν
1511 678 1631 755 βοηθείας
1654 678 1733 759 χάριν
1756 682 1811 743 τοῖς

1035 763 1207 834 λακωνίζουσι
1220 768 1272 824 τῶν
1290 769 1440 842 Τεγεατῶν,
1453 765 1518 846 ὅπερ
1533 756 1610 837 εἶναι,
1630 767 1730 843 μηδένα
1744 768 1811 826 dan·

1036 852 1177 915 κτιννύναι.

1076 939 1208 999 Fortasse
1228 941 1286 1000 huc
1299 942 1450 1001 referenda
1462 957 1506 1002 est
1524 944 1619 1019 glossa
1641 942 1779 1019 Hesychii
1801 967 1807 1000 :

1035 1026 1153 1105 Χρηστοί
1169 1049 1176 1087 :
1195 1031 1230 1089 Ol
1242 1031 1509 1109 καταδεδικασμένοι,
1525 1030 1663 1110 χρήσιμοι.

1216 1244 1233 1261 n
1323 1216 1523 1275 Tritanum.

1341 1388 1397 1444 215
1418 1388 1510 1467 (587).
1576 1378 1584 1385 ¹

1073 1515 1236 1595 Stephanus
1248 1518 1369 1597 Byzant.
1379 1540 1404 1579 s.
1420 1542 1449 1581 ν.
1457 1521 1576 1595 Τένεδος,
1589 1526 1665 1593 νῆσος
1674 1525 1725 1581 τῶν
1734 1527 1810 1585 Σπο-

1036 1599 1159 1679 ράδων...
1175 1602 1315 1664 Ἐκαλεῖτο
1325 1607 1351 1667 δὲ
1362 1605 1549 1687 Διύκορρυς...
1558 1610 1602 1666 καί
1611 1613 1740 1688 παροιμία
1754 1613 1812 1673 Τε-

1032 1688 1144 1757 νέδιος
1158 1693 1265 1764 αθλητ
1275 1694 1322 1769 ής,
1341 1698 1383 1753 ἐπὶ
1396 1699 1449 1754 τῶν
1462 1696 1495 1754 ad
1504 1699 1587 1778 ψευδῆ
1600 1698 1810 1778 μαρτυρούντων.

1034 1776 1089 1836 Τὸν
1101 1778 1152 1857 γδρ
1170 1780 1288 1853 αὖλητὴν
1308 1787 1325 1853 ἡ
1347 1783 1495 1860 Φυλονόμη
1515 1784 1579 1863 πρὸς
1601 1786 1703 1844 Κύκνον
1723 1785 1808 1865 ἤγαγε

1034 1872 1218 1947 μαρτυροῦντα
1248 1868 1288 1927 δτι
1310 1868 1396 1941 Τένης
1425 1869 1506 1940 αὐτὴν
1539 1872 1616 1943 ἤθελε
1653 1872 1808 1952 βιάσασθαι.

1034 1950 1115 2011 Ἐστι
1128 1954 1172 2011 καί
1190 1954 1268 2034 έτέρα
1286 1957 1416 2037 παροιμία
1431 1960 1585 2027 Τενέδιος
1598 1958 1753 2034 πέλεκυς,
1766 1963 1811 2026 ἐπὶ

1032 2044 1084 2099 τῶν
1094 2041 1152 2112 ήτοι
1164 2047 1264 2122 πικρῶς
1274 2044 1292 2114 ἢ
1301 2044 1454 2120 καὶμᾶλλον
1463 2046 1596 2124 συντόμως
1606 2049 1810 2108 ἀποκοπτόντων

1034 2127 1067 2186 τδι
1075 2128 1214 2204 ζητήματα
1226 2132 1315 2189 καὶτὰ
1328 2133 1395 2191 ἄλλα
1405 2135 1560 2212 πράγματα.
1577 2136 1642 2195 Καί,
1651 2159 1730 2215 φησιν
1745 2141 1811 2218 Ἀρι·

1037 2216 1141 2289 στείδης
1154 2217 1199 2276 καί
1213 2217 1288 2277 ἄλλοι
1307 2220 1351 2278 τὸν
1366 2223 1392 2279 ἐν
1408 2224 1513 2303 Τενέδῳ
1525 2224 1683 2282 Ἀπόλλωνα
1699 2223 1810 2283 πέλεκυν

1031 2313 1136 2383 κρατεῖν
1150 2304 1194 2364 διδ
1208 2305 1242 2364 τδι
1253 2307 1392 2383 συμὸοίντα
1404 2310 1526 2390 τοῖςπερὶ
1536 2309 1634 2383 Τένην.
1648 2308 1687 2371 Ἢ
1697 2313 1810 2387 μᾶλλον,

1031 2388 1067 2455 ῶς
1080 2412 1158 2471 φησιν
1182 2392 1411 2474 Ἀριστοτέλης
1426 2398 1452 2455 ἐν
1467 2421 1500 2475 τη
1519 2397 1647 2459 Τενεδίων
1665 2401 1808 2482 Πολιτιίηι,

1031 2476 1073 2537 ὅτι
1086 2479 1209 2558 βασιλεύς
1224 2504 1263 2548 τις
1276 2484 1303 2542 ἐν
1315 2484 1420 2565 Τενέδῳ
1426 2484 1506 2561 νόμον
1521 2485 1598 2557 ἔθηκε
1613 2486 1658 2546 τδν
1667 2491 1809 2564 καταλαμ-

1022 2564 1144 2635 ,όάνοντα
1156 2569 1264 2648 μοιχοὺς
1272 2576 1386 2652 ἀναιρεῖν
1400 2573 1685 2653 πελίκειοῖμροτὲρους.
1695 2574 1809 2650 Ἐπειδὴ

1032 2653 1060 2712 δὲ
1074 2655 1170 2726 συνίόη
1184 2657 1229 2714 τδν
1244 2657 1299 2716 υίδν
1322 2661 1401 2744 αὐτοῦ
1414 2663 1616 2746 καταληρθῆναι
1631 2663 1733 2742 μοιχόν,
1751 2664 1810 2723 ἐκύ-

1033 2763 1100 2817 ρωσε
1114 2744 1160 2800 καί
1180 2743 1300 2822 περὶτοῦ
1322 2745 1386 2804 ίδίου
1402 2748 1494 2815 παιδδς
1510 2754 1657 2827 τηρηθῆναι
1672 2750 1716 2809 τδν
1730 2751 1810 2828 νόμον

1031 2826 1077 2885 καί
1094 2830 1272 2909 ἀναιρεθέντος
1288 2833 1326 2898 εἰς
1347 2833 1493 2911 παροιμίαν
1515 2837 1635 2914 παρῆλθε
1649 2837 1679 2897 τδ
1697 2842 1809 2916 πρᾶγμα

1032 2914 1142 2973 ἐπὶτῶν
1160 2916 1241 2993 ὠμῶς
1255 2920 1457 3000 πραττομένων.
1472 2922 1525 2980 Διδι
1536 2922 1612 2980 τοῦτό
1627 2946 1692 3003 φησι
1706 2924 1751 2982 καλ
1766 2928 1810 2985 ἐπὶ

1031 3007 1077 3060 τοῦ
1089 3002 1251 3082 νομίσματος
1268 3010 1321 3064 τῶν
1334 3006 1463 3067 Τενεδίων
1479 3008 1645 3090 κεχαράχθαι
1666 3014 1693 3070 ἐν
1710 3013 1758 3088 μίν
1771 3014 1809 3093 τῷ

1032 3090 1113 3171 ἑτέρῳ
1127 3090 1201 3173 μίρει
1215 3093 1342 3167 πέλεκυν,
1360 3096 1404 3154 ἐπὶ
1422 3096 1448 3155 δὲ
1462 3103 1508 3157 τοῦ
1523 3100 1610 3177 ἑτέρον
1627 3096 1673 3157 δύο
1693 3103 1809 3179 κεραλδς

1032 3178 1224 3258 εἷςύπόμνησιν
1239 3188 1286 3241 τοῦ
1301 3183 1360 3261 περί
1375 3185 1419 3243 τὸν
1440 3187 1525 3244 παῖδα
1543 3186 1709 3263 παθήματος.
1727 3186 1809 3249 Ἔστι

1032 3266 1075 3323 καλ
1095 3267 1163 3341 άλλη
1180 3271 1309 3351 παροιμία
1323 3272 1479 3341 Τενέδιος
1502 3272 1694 3355 ξυνήγορος,
1710 3279 1725 3333 θ
1743 3276 1809 3335 διπό-

1030 3377 1109 3432 τομος
1121 3356 1168 3416 καὶ
1179 3360 1300 3437 σκληρός.

1074 3442 1367 3527 lle1·aclid.Excer·pt.
1380 3470 1410 3527 p.
1427 3460 1494 3523 ιαμ,
1508 3473 1515 3507 :
1532 3450 1642 3519 Τένεδος
1655 3456 1672 3524 ἡ
1687 3455 1765 3523 νῆσος
1779 3454 1808 3512 τί

1033 3530 1081 3607 μίν
1093 3534 1119 3601 λζ
1137 3537 1221 3614 ἀρχῆς
1233 3538 1378 3619 Λεύκορρυς
1392 3540 1526 3612 ἐκαλεῖτο,
1541 3540 1628 3620 χρόνῳ
1641 3543 1668 3603 dl
1685 3543 1807 3621 ὕστερον,

1031 3620 1083 3696 πρὸ
1098 3625 1151 3679 τῶν
1164 3625 1310 3704 Τρωικῶν,
1329 3625 1445 3698 Τέννης,
1465 3627 1605 3705 διενεχθεὶς
1616 3630 1680 3705 πρὸς
1696 3631 1741 3689 τὸν
1756 3654 1809 3690 πα·

193 3718 1810 3761 ...ῳ-..Ἣ

479 3777 698 3825 TEGEATARUlll.

565 3918 620 3964 213.

231 4010 339 4061 Arcades
352 4009 467 4059 ridentur
479 4012 536 4059 aute
554 4010 638 4061 lunam
654 4014 725 4061 natos
741 4013 830 4075 tuisse,
848 4018 877 4064 ut
888 4020 913 4065 et
925 4020 976 4066 Eu-

194 4101 281 4151 dorus
290 4099 401 4148 inTorm·
408 4096 544 4149 circuitu...
557 4100 669 4149 Mnaseas
680 4114 738 4149 vero
746 4100 809 4151 dixit
820 4103 977 4155 Pmselenum

201 4275 266 4327 stru
286 4270 347 4324 utcu
369 4256 429 4324 oria
444 4272 567 4323 bannos
590 4275 720 4327 immam
748 4276 910 4339 inlautum,
933 4291 977 4342 qur

202 4364 273 4427 eiecti
291 4367 348 4413 sunt
360 4362 392 4413 ab
404 4362 544 4413 Arcadibus
555 4364 674 4427 aggressis
688 4378 730 4414 eos
741 4368 796 4415 ante
804 4370 887 4416 ortum
898 4367 977 4431 lunam

201 4452 258 4503 hinc
269 4452 378 4502 Arcadas
394 4450 575 4513 cognominatos
589 4464 642 4501 csse
660 4452 803 4503 Proselenos
816 4453 975 4518 (catelano-

202 4544 279 4602 τίοι).
361 4552 367 4563 ’

558 4633 613 4678 att.

235 4736 283 4794 ουν·
292 4736 353 4783 suut
366 4734 440 4797 apud
449 4734 564 4785 Arcades
573 4736 599 4784 et
611 4734 819 4785 Locedoenmatos
827 4736 939 4798 χρηστοί,
951 4733 978 4783 id

194 4824 241 4872 est
255 4820 333 4871 boui?
349 4820 526 4871 iamdamonii
535 4822 646 4885 Tegeatis
657 4822 823 4883 reconciliati,
838 4821 920 4871 toedus
931 4835 976 4885 pe·

202 4908 316 4975 pigerrmt
328 4912 353 4958 et
369 4920 523 4959 communem
541 4909 678 4959 colunmam
698 4910 730 4959 ad
750 4908 871 4975 Alpheum
887 4924 978 4974 posue-

1032 3792 1161 3851 geatarum
1180 3792 1301 3842 neminem
1317 3793 1408 3843 debere
1427 3793 1546 3854 interfici,
1565 3795 1610 3859 qni
1624 3796 1710 3847 auxilii
1733 3802 1809 3849 causa

1031 3880 1158 3931 Laconicis
1166 3883 1241 3934 rebus
1249 3884 1368 3935 studeret.

1062 3969 1194 4020 infodere
1207 3972 1330 4021 Arcadum
1344 3986 1402 4023 cum
1413 3973 1603 4024 Lacedaemouiis
1615 3976 1679 4026 tacto
1689 3977 1808 4041 scriptum

1004 4068 1007 4097 ι
1031 4069 1087 4106 esse
1097 4058 1240 4109 Aristoteles
1250 4063 1360 4110 testatur
1370 4081 1376 4110 :
1398 4060 1524 4112 Neminem
1539 4065 1701 4127 Tegeatarum
1717 4066 1807 4117 debere

325 4186 331 4197 .
566 4186 572 4197 .
685 4188 690 4199 .
1004 4104 1007 4195 l
1031 4142 1123 4194 bonum
1141 4145 1211 4195 reddi
1222 4146 1268 4209 ,tid
1286 4151 1324 4197 est
1340 4148 1477 4212 interfici),
1494 4150 1516 4199 si
1535 4150 1622 4199 auxilii
1637 4165 1712 4201 causa
1731 4152 1807 4203 rebus

201 4200 283 4252 regem
299 4186 374 4235 liruse
385 4183 517 4235 Arcadum.
531 4186 675 4238 Aristoteles
683 4202 709 4237 m
717 4190 880 4252 Tegeatarum
894 4193 977 4291 nepa:
1004 4196 1007 4287 ἰ
1030 4233 1270 4285 ,Μωοῃίοωω
1282 4236 1393 4286 studeat·

1305 4363 1524 4411 TENEDIORUM.

1391 4464 1446 4507 itt.
1506 4468 1509 4476 '

1003 4534 1007 4619 Ι
1061 4559 1184 4620 Tenedos,
1204 4574 1253 4609 una
1275 4574 1305 4609 cx
1325 4561 1476 4625 Sporadibns
1494 4561 1610 4611 insulis...
1635 4562 1806 4612 nominabatur

1030 4647 1220 4712 Leucophrys...
1237 4652 1282 4699 Tst
1301 4649 1376 4699 etiam
1389 4649 1548 4713 proverbium
1563 4650 1691 4700 Tenedius
1709 4648 1805 4700 ttbtcea

1036 4738 1068 4789 de
1079 4738 1109 4788 iis
1119 4738 1162 4802 qui
1172 4739 1233 4788 talsa
1246 4742 1375 4789 testantur.
1387 4737 1519 4788 Tibiclnem
1536 4738 1601 4788 enim
1614 4736 1762 4799 Phylonome
1774 4732 1805 4784 ad

1038 4828 1148 4890 cycnum
1167 4826 1251 4886 duxit,
1272 4826 1314 4889 qui
1332 4826 1471 4877 testabatur
1486 4828 1577 4875 Tenem
1594 4824 1699 4873 voluisse
1714 4822 1805 4884 Phylo-

1031 4924 1111 4961 nomae
1123 4911 1176 4961 rim
1184 4911 1283 4961 inferre.
1301 4914 1345 4961 Est
1358 4912 1434 4961 etiam
1444 4910 1511 4961 alind
1522 4907 1679 4974 proverbium
1694 4909 1804 4959 Tenedia

203 4999 281 5059 runt;
304 4995 330 5045 in
346 5009 395 5060 qua
415 4995 478 5047 inter
489 4998 537 5047 alia
548 4998 648 5049 hederis
670 4998 751 5063 capita
768 4999 815 5049 boc
834 4998 978 5063 inscriptum
1004 5018 1008 5064 γ
1032 4999 1172 5050 soeurisde
1188 4998 1219 5050 ils
1230 4999 1322 5063 quirel
1330 5012 1415 5063 aspere
1428 4998 1465 5049 rol
1479 4997 1553 5046 nimis
1564 4994 1660 5045 concise
1673 4994 1805 5046 abscidunt

196 5088 257 5138 erat
274 5104 281 5134 z
300 5083 435 5135 Messenios
446 5085 545 5149 regione
563 5086 685 5151 pelicatu,
698 5087 818 5137 neminem
833 5087 924 5137 bonum
940 5088 977 5137 ta·
1004 5069 1008 5113 l

165 5232 170 5243 ο
202 5173 295 5223 ciunto.
306 5175 359 5223 lior
368 5174 512 5227 Aristoteles
519 5176 688 5243 interpretans,
696 5175 916 5241 atteostgntficari
929 5180 976 5227 Te·
1005 5190 1008 5224 ι

1034 5089 1182 5152 questiones
1191 5091 1215 5138 et
1224 5102 1265 5138 res
1272 5086 1388 5151 reliquas.
1400 5091 1436 5136 Ac
1449 5085 1529 5148 inquit
1540 5083 1659 5133 Aristides
1668 5087 1693 5133 et
1706 5083 1747 5134 alii
1755 5088 1805 5135 Te-

1037 5176 1142 5225 nelium·
1153 5176 1287 5238 Apollinem
1300 5175 1406 5224 securim
1419 5176 1503 5221 tenere
1520 5174 1620 5235 propter
1633 5184 1661 5221 aa
1671 5186 1727 5236 quta-
1741 5174 1806 5222 arei-

1688 5268 1724 5313 lit.
