4017 5984
294 357 351 414 ibi

329 479 385 538 Sed
395 479 455 555 jam
471 478 506 534 de
516 477 672 535 Aristotele
686 477 836 536 videamus
854 477 938 555 cujus
954 498 1059 537 nomen
1088 526 1094 547 ,

290 585 355 624 cunr
371 564 539 623 Polemonis
562 579 590 620 et
610 564 684 622 lsoxi
703 564 890 642 conjunctum
903 565 1012 645 saepius
1032 568 1063 625 in

291 652 346 710 hoc
367 650 469 710 libello
490 651 648 730 proicitur.
667 655 822 728 Postquam
843 653 920 712 enim
944 654 976 712 in
998 655 1062 733 ipsa

291 742 385 799 fronte
399 752 498 798 auctor
516 737 586 798 libri
603 739 678 798 dixit
701 761 707 796 :
732 741 778 796 En
796 744 884 796 tribus
906 745 1064 798 auctoribus

290 847 402 902 quorum
427 830 509 882 libror
534 848 600 902 prae
625 847 710 882 mana
734 825 827 895 itabur,
854 830 927 884 loni
948 832 1062 900 rrredici,

289 918 450 972 Aristotelis
474 917 646 992 philosophi,
678 919 838 972 Polemonis
866 919 1064 974 rieclanratoris

289 1011 335 1077 qni
347 1008 382 1059 ele
392 1005 647 1080 physiognomonia
661 1011 839 1081 scripserunt,
853 1027 888 1061 cn
909 1008 983 1079 clegi
999 1027 1064 1082 quie

288 1097 329 1149 nd
342 1101 467 1170 primam
491 1101 689 1150 institutionem
709 1095 792 1167 irujus
809 1105 852 1153 rei
873 1101 1016 1170 pertinent
1035 1112 1064 1154 et

288 1205 351 1258 quie
371 1182 493 1256 facilius
516 1187 716 1260 intelligantur,
739 1184 769 1240 in
786 1183 841 1242 alia
859 1197 940 1262 parte
954 1185 995 1242 ita
1018 1185 1063 1242 lo·

288 1272 388 1348 quitur
410 1274 454 1349 (p.
475 1272 540 1342 152,
559 1271 575 1328 5
591 1291 638 1349 ap.
662 1270 760 1331 liosl.
778 1272 817 1348 l.)
838 1293 845 1328 z
867 1276 952 1328 Nunc
980 1294 1062 1349 repe·

288 1363 373 1416 tenda
388 1374 462 1430 sunt,
486 1373 516 1415 nt
538 1381 623 1434 supra
639 1367 841 1436 proposuimus,
870 1382 933 1436 quoe
948 1369 1064 1437 proprie

289 1452 382 1503 Locus
391 1467 440 1504 seu
455 1451 617 1505 Aristoteles
623 1462 773 1523 posuerunt
781 1451 832 1504 vel
838 1453 922 1506 aliter
930 1455 1063 1526 interpre-

287 1543 340 1591 tati
354 1549 428 1607 sunt,
438 1543 566 1611 quamuis
578 1542 661 1592 etiarn
673 1540 737 1592 Iocis
751 1541 912 1613 ruistriiqun
921 1542 1062 1611 adjunxe-

287 1630 381 1679 rimus.
398 1627 469 1697 (iure
488 1632 561 1680 enim
587 1627 719 1682 Polemon
733 1629 808 1680 elicit
828 1639 857 1682 et
876 1641 1063 1684 consentanea

287 1725 351 1767 sant
372 1715 491 1787 reliquis
514 1709 688 1782 auctoribus,
707 1717 905 1789 propemodum
923 1723 1064 1790 prosecuti

289 1819 392 1859 sumus.
409 1797 474 1857 Jam
489 1799 558 1856 inde
577 1799 660 1857 vides
675 1819 761 1877 quam
778 1801 862 1859 lluxae
876 1803 914 1860 sit
936 1803 1064 1860 auctori-

288 1886 356 1944 tatis
366 1885 464 1958 bomo,
478 1887 589 1964 quippe
604 1906 621 1944 a
635 1906 695 1962 quo
709 1887 792 1946 iacile
803 1889 879 1947 assui
892 1902 1061 1966 potuerunt,

290 1994 472 2052 qrraecunque
482 1973 518 2032 ab
531 1995 565 2033 eo
577 1975 724 2032 Aristoteli
737 1975 894 2054 adscripta,
906 1980 937 2034 in
945 1977 1063 2052 vulgato

290 2077 368 2120 textu
381 2063 695 2140 Pbysiognomicorunr
708 2084 765 2122 non
779 2063 926 2140 leguntur.
941 2063 982 2122 Eo
992 2085 1062 2123 vero

290 2152 402 2209 facilius
412 2151 539 2208 adducor
550 2163 580 2207 ut
588 2151 644 2208 boc
652 2170 753 2208 verum
763 2170 826 2210 esse
842 2151 971 2224 credam,
983 2153 1062 2229 quod

290 2257 383 2314 neque
405 2239 494 2296 multa
516 2251 582 2294 sunt
606 2257 683 2295 nova
704 2257 797 2315 neque
815 2259 911 2317 operae
936 2241 1061 2317 pretium

288 2345 352 2400 quae
369 2323 473 2382 abillo
488 2325 648 2382 traduntur.
665 2324 764 2401 ltaque
776 2326 808 2384 in
820 2345 852 2384 re
865 2326 955 2386 dubia
971 2327 1061 2387 absti-

291 2413 417 2470 ncnduru
427 2430 491 2471 esse
500 2425 582 2489 puto,
594 2413 755 2489 praesertim
766 2426 859 2470 autern
868 2434 968 2492 quum,
984 2428 1016 2473 ut
1030 2417 1061 2474 in

290 2501 482 2559 Problematis
501 2502 541 2558 ita
553 2499 638 2558 etiam
654 2501 684 2558 in
697 2500 1002 2578 physiognornonicis,
1019 2505 1062 2562 ia·

287 2590 343 2646 elle
357 2590 419 2649 steri
432 2591 567 2666 potuerit,
583 2587 673 2646 immo
683 2587 842 2664 saepissime
855 2589 959 2648 sactum
970 2592 1018 2662 sit,
1031 2608 1062 2651 ut

287 2678 415 2752 <lundam
433 2676 618 2743 adderentur,
645 2676 776 2753 tpuaedam
798 2677 916 2738 veroin
942 2677 1062 2740 brevius

287 2765 535 2824 contraherentur.
561 2761 758 2830 Quamobrem
788 2782 839 2821 uec
862 2782 878 2822 e
905 2765 1061 2826 collatione

286 2851 597 2928 physiognomicorunr
614 2849 793 2922 Polemonis,
811 2852 874 2909 sire
889 2853 986 2929 potius
996 2853 1061 2930 ejus

286 2941 496 3017 epitomatoris,
511 2958 598 3015 quatu
613 2957 678 2996 cum
695 2938 870 2996 Aristotelen
881 2937 958 2997 libro
973 2941 1059 2999 insti·

286 3029 341 3084 tuit
357 3027 461 3086 llosius
477 3027 496 3085 l.
512 3027 529 3082 l.
545 3045 575 3102 p.
594 3026 652 3100 699
673 3043 751 3098 sqq.,
777 3025 962 3100 integriorem
987 3028 1058 3086 olim

288 3115 375 3171 luisse
405 3114 569 3171 Aristotelis
596 3125 704 3167 textum
728 3113 797 3170 satis
822 3126 901 3170 certo
925 3119 1059 3192 compro·

287 3201 350 3258 bari
366 3220 452 3278 posse
471 3200 636 3258 concedam.
648 3197 719 3267 Qua
734 3218 822 3276 quum
839 3201 878 3256 ita
894 3201 965 3278 sint,
981 3203 1012 3260 in
1024 3223 1059 3262 ec·

285 3286 500 3346 subsistendum
519 3305 581 3342 esse
601 3285 713 3362 putavi,
729 3299 761 3344 ut
774 3287 872 3344 omnia
889 3307 953 3364 quae
971 3289 1003 3347 in
1018 3291 1059 3348 li-

286 3372 363 3429 bullo
387 3371 513 3450 Apulejo
528 3371 688 3450 adscripto,
706 3373 854 3432 Aristoteli
876 3375 1056 3450 tribuuntur,

285 3460 476 3520 exscribenda
500 3479 643 3530 curarem,
666 3463 777 3540 quippe
803 3483 892 3540 quum
916 3483 962 3524 res
977 3467 1056 3525 taedii

287 3550 456 3626 plenissima
481 3549 592 3620 fuisset,
621 3549 672 3608 illa
695 3550 892 3608 tantummodo
911 3571 1057 3630 apponere

285 3656 408 3712 quorum
422 3637 532 3695 mentio
547 3637 578 3694 iu
593 3639 747 3716 superstite
759 3637 838 3697 libro
855 3639 936 3698 nulla
954 3660 1054 3700 occur·

286 3724 332 3784 rit.
350 3723 395 3782 Ob
410 3724 574 3800 argumenti
589 3723 812 3784 similitudinem
827 3725 924 3785 locum
938 3728 1055 3786 ePlinii

285 3809 347 3868 Nat.
364 3811 436 3871 llist.
454 3812 661 3890 praemisimus,
675 3813 784 3870 licetet
803 3814 921 3873 aliunde
940 3835 1056 3894 querno.

284 3897 576 3974 l'bysiognoruonicis
588 3914 719 3980 sumptus
731 3920 794 3960 esse
806 3904 912 3980 possit.

324 3987 400 4046 Nilril
416 4007 469 4044 nos
482 3985 529 4045 lric
544 3987 708 4048 morabitur
723 3990 889 4050 Aristotelis
903 4011 967 4068 quat
981 3993 1057 4052 dici-

285 4086 332 4132 tur
358 4075 394 4132 ad
415 4073 613 4134 Alexandrum
639 4076 674 4134 de
696 4075 964 4154 physiognomonia
984 4077 1055 4160 Epi-

284 4163 371 4234 stola,
388 4182 474 4239 quam
496 4182 561 4221 cum
580 4164 645 4220 aliis
661 4163 834 4241 quibusdam
852 4166 957 4224 similis
973 4185 1055 4242 argu·

285 4251 372 4307 menti
392 4251 537 4328 excerptis
555 4249 632 4327 apud
650 4249 800 4308 Albertunr
815 4251 854 4306 tt.
877 4253 1057 4312 exstantibus

284 4355 300 4392 e
324 4338 390 4396 cod.
407 4336 483 4396 Bibl.
504 4337 580 4415 lrnp.
600 4339 693 4397 Paris.
708 4340 786 4414 6298
803 4340 850 4398 sol.
877 4341 944 4413 155,
964 4341 996 4398 C.
1023 4345 1055 4401 B.

285 4423 365 4482 llasii
387 4424 554 4502 apographo
567 4445 646 4498 usus,
660 4425 753 4484 edidit
764 4426 797 4484 E.
814 4427 922 4496 'l'aube
938 4427 1054 4487 Vratisl.

287 4512 374 4581 1862,
402 4530 505 4588 quum,
522 4513 600 4590 quod
620 4514 681 4590 jaus
697 4513 797 4573 eodcnr
820 4514 873 4572 illo
888 4514 989 4574 codice
1010 4516 1056 4572 in·

284 4613 382 4678 specto
390 4598 572 4675 judicaverat
581 4601 736 4673 lourdain,
748 4603 917 4659 necteretur
930 4611 1057 4678 critique·

283 4709 330 4744 sur
354 4692 394 4744 les
417 4693 588 4747 traductione
619 4694 719 4747 Iatincs
749 4695 912 4759 d'Aristote,
935 4689 982 4751 ed.
1013 4691 1054 4769 ll,

284 4796 313 4854 p.
329 4776 395 4850 ι48,
413 4775 481 4847 175,
498 4776 565 4849 345,
580 4776 654 4834 nibil
669 4778 750 4835 aliud
770 4779 808 4836 sit
822 4799 907 4856 (luam
927 4791 1056 4837 extrema

284 4882 352 4939 pars
367 4861 437 4921 libri
448 4882 484 4921 ex
499 4863 618 4922 arabico
627 4883 760 4923 sermone
772 4867 902 4926 translati
914 4867 1056 4926 decretum

283 4953 453 5010 Secrerorum
466 4953 611 5031 inscripti,
626 4953 678 5030 qui
695 4953 761 5010 talis
772 4967 826 5024 est,
843 4967 875 5013 ut
889 4973 955 5014 eum
971 4955 1057 5014 facile

284 5039 439 5116 patiamur,
475 5037 630 5099 blattarum
655 5040 857 5119 tinearuruque
887 5061 997 5114 escam,
1025 5045 1055 5102 in

283 5145 347 5184 arca
364 5141 538 5206 putrescere.

815 353 1074 438 ‘tuleramus
1096 357 1339 422 retorsum.

1451 507 1459 542 t
1487 489 1574 563 (sss.

1158 623 1273 684 Plinius
1288 624 1387 684 Natur-
1398 625 1471 686 llist.
1481 626 1534 699 Xl,
1550 647 1574 687 s.
1590 638 1658 696 ιι4ι
1670 634 1759 689 Miror
1766 640 1893 710 equidem

1119 711 1320 771 Aeternum
1341 734 1396 769 non
1410 719 1491 772 modo
1507 720 1659 775 credidisse
1669 729 1804 794 praescita
1825 731 1893 780 oitae

1118 818 1177 856 esse
1189 803 1288 876 aliqua
1304 806 1332 857 in
1345 806 1504 879 corporibus
1518 810 1596 880 ipsis,
1608 826 1707 863 uerum
1721 817 1806 865 etiarn
1821 832 1892 885 pro-

1116 889 1228 948 didisse.
1245 892 1317 962 (iuoe
1338 911 1501 967 quanquam
1517 913 1598 948 nano
1617 902 1745 952 eristimo
1763 917 1814 953 nec
1833 907 1893 956 sine

1117 985 1289 1035 cunctatione
1296 978 1480 1055 proferenda,
1500 1001 1537 1036 ne
1556 988 1585 1037 in
1599 1003 1629 1039 se
1653 991 1769 1059 quisque
1788 1007 1824 1042 ea
1837 1009 1890 1043 au-

1115 1073 1201 1138 garia
1214 1073 1303 1123 anxie
1318 1081 1438 1142 quaerat,
1455 1075 1595 1145 attingam
1613 1085 1707 1128 tamen
1723 1095 1786 1148 quie
1799 1089 1892 1131 tantus

1116 1158 1163 1208 vir
1179 1159 1208 1208 in
1221 1157 1345 1212 doctrina
1362 1175 1418 1213 non
1435 1163 1545 1233 sprevit.
1562 1163 1654 1231 Igitur
1665 1167 1736 1217 uitoe
1753 1160 1840 1219 brevis
1854 1171 1891 1218 si-

1114 1259 1177 1312 gna
1188 1248 1270 1316 ponit
1285 1262 1366 1299 raros
1383 1245 1491 1314 dentes,
1504 1248 1665 1321 praelongos
1673 1249 1784 1321 digitos,
1795 1253 1890 1325 plum·

1118 1325 1197 1384 bearn
1210 1333 1329 1386 colorem
1339 1334 1490 1407 pleresque
1503 1339 1532 1388 in
1541 1337 1668 1390 manibus
1691 1340 1827 1392 incisuras
1839 1359 1891 1395 nec

1113 1431 1276 1492 perpetuas.
1292 1422 1398 1477 Contra
1419 1423 1513 1494 longos
1527 1441 1588 1478 esse
1607 1429 1676 1478 vine
1694 1430 1818 1483 incurvos
1835 1429 1889 1483 Iru-

1118 1512 1199 1561 meris
1212 1520 1241 1562 ct
1259 1513 1287 1562 in
1300 1528 1387 1564 manu
1399 1528 1457 1564 una
1479 1512 1551 1566 duas
1568 1515 1703 1566 incisuras
1724 1514 1824 1586 longas
1839 1515 1891 1570 Ita·

1117 1593 1211 1649 bentes
1224 1607 1254 1649 et
1270 1598 1368 1664 plures
1388 1616 1473 1671 qurum
1494 1597 1623 1654 XXXII
1645 1601 1752 1668 dentes,
1774 1605 1888 1657 auribus

1116 1685 1228 1756 amplis.
1243 1686 1436 1740 Necunirersa
1453 1685 1524 1757 baec,
1534 1699 1563 1741 ut
1577 1688 1707 1758 arbitror,
1719 1691 1889 1764 sedsinguln

1116 1771 1253 1839 obremat,
1265 1771 1367 1833 frivola
1380 1785 1411 1826 ut
1419 1793 1481 1828 reor
1491 1786 1518 1828 et
1540 1778 1624 1850 urigo
1636 1788 1730 1831 tamen
1743 1791 1868 1834 narrata.

1159 1857 1201 1914 De
1224 1857 1361 1918 dentibus
1385 1859 1459 1917 llist.
1481 1860 1599 1917 animal.
1630 1860 1668 1933 ll,
1688 1863 1704 1918 3
1728 1860 1833 1922 :⁹0sor
1863 1862 1890 1921 δὲ

1117 1944 1222 2010 πλείους
1234 1943 1337 2024 ἔχουσι,
1357 1946 1568 2026 μακροὸιώτεροι
1581 1952 1617 2014 ὡς
1631 1949 1676 2006 ἐπὶ
1691 1948 1800 2009 sicubi
1816 1954 1889 2010 εἰσιν·

1117 2035 1141 2090 οἱ
1153 2033 1180 2091 δὲ
1199 2032 1322 2100 ἐλάττους
1340 2033 1386 2094 καὶ
1399 2035 1573 2113 ἀραιόδονιες,
1584 2041 1618 2103 ὡς
1632 2039 1675 2096 ἐπὶ
1690 2039 1720 2097 τὸ
1730 2037 1808 2114 πολύ,
1823 2043 1887 2117 βρα-

1118 2119 1287 2200 χυὸιώτιροι.
1302 2122 1348 2184 Cf.
1363 2122 1512 2184 Problem.
1527 2123 1658 2196 XXXIV,
1678 2146 1703 2183 1.
1724 2127 1766 2183 Dc
1776 2127 1889 2185 incisu-

1118 2208 1161 2266 ris
1172 2229 1311 2268 nrauuum
1329 2208 1402 2270 llist.
1418 2213 1516 2271 Aulin.
1530 2210 1555 2283 l,
1574 2213 1621 2284 ιδ,
1640 2234 1668 2274 2.

1443 2374 1460 2410 a
1483 2354 1572 2427 (313).

1154 2489 1296 2566 Apulejus
1323 2490 1359 2548 de
1381 2490 1589 2567 Plrysiognom.
1619 2493 1650 2550 in
1678 2492 1758 2553 llosii
1781 2499 1888 2557 Anecd.

1115 2597 1159 2652 gr.
1180 2590 1209 2634 et
1230 2596 1277 2653 gr.
1301 2578 1351 2636 lat.
1374 2599 1405 2656 p.
1425 2579 1478 2635 153
1498 2588 1531 2648 ι4
1561 2586 1780 2642 :Aatsrorxces
1794 2589 1888 2644 dicit:

1114 2686 1197 2740 quum
1207 2665 1295 2736 frons
1307 2673 1485 2742 compressior
1490 2666 1584 2737 srterit
1596 2671 1639 2722 nd
1656 2683 1750 2745 caput,
1767 2686 1796 2728 et
1805 2693 1889 2730 nares

1114 2761 1143 2808 in
1158 2760 1269 2826 origine
1287 2777 1340 2811 sua
1349 2775 1441 2831 prope
1458 2762 1537 2810 sinrre
1551 2771 1627 2824 sunt,
1646 2759 1776 2815 liberates
1791 2781 1849 2818 esse
1861 2778 1889 2818 et

1113 2841 1214 2912 referri
1237 2846 1280 2899 nd
1294 2847 1412 2902 leonem.
1441 2842 1505 2917 (Cf.
1532 2842 1621 2902 Arist.
1644 2842 1801 2923 Physiogn.
1819 2871 1844 2910 c.
1869 2854 1888 2908 6

1114 2943 1135 2988 t.
1153 2928 1209 3002 lll,
1222 2950 1251 3008 p.
1271 2952 1313 3000 ιι,
1331 2931 1389 3007 45.)
1399 2933 1479 2987 Idem
1494 2935 1689 2991 Anrsroretts
1702 2937 1769 2991 dicit
1781 2957 1827 2994 eos
1840 2946 1889 3012 qui

1112 3024 1260 3096 supercilia
1275 3023 1420 3088 obdrtcunt,
1433 3022 1564 3095 pupillas
1581 3034 1675 3076 autern
1688 3032 1815 3097 superins
1828 3040 1887 3082 ten·

1113 3110 1285 3182 danturque
1302 3113 1379 3164 omni
1395 3111 1476 3162 uuita
1496 3114 1642 3162 summisso
1654 3123 1732 3178 sant,
1754 3132 1814 3167 esse
1827 3123 1886 3188 qni-

1112 3197 1175 3250 dam
1196 3197 1338 3252 inhoneste
1357 3196 1475 3249 blandos
1490 3209 1517 3250 et
1530 3195 1631 3260 referri
1647 3198 1690 3250 od
1697 3217 1790 3255 canes.
1807 3205 1886 3258 idern

1112 3284 1307 3338 Axtsromus
1339 3283 1409 3334 dicit
1435 3300 1481 3335 eos
1515 3286 1563 3354 qui
1588 3284 1667 3336 uultu
1692 3291 1770 3340 omni
1807 3303 1888 3345 tran.

1111 3371 1212 3442 quito,
1228 3374 1295 3444 pari
1313 3370 1395 3424 modo
1409 3369 1526 3422 blandos
1536 3387 1614 3423 esse:
1633 3381 1661 3423 et
1674 3369 1725 3426 Iros
1744 3375 1786 3426 nd
1803 3394 1887 3430 enniu-

1110 3457 1210 3529 rescrri
1221 3454 1274 3532 (ib.
1289 3476 1318 3532 p.
1339 3476 1386 3524 ιι,
1407 3455 1472 3528 48).
1494 3457 1598 3511 IDEM
1607 3459 1686 3532 dicit,
1701 3462 1796 3534 quibus
1808 3471 1887 3540 origo

1111 3552 1220 3600 nariam
1245 3551 1334 3601 tenuis
1354 3557 1410 3615 est,
1428 3547 1601 3618 impudentes
1620 3565 1678 3601 esse
1702 3567 1710 3601 .·
1732 3548 1833 3618 referri
1846 3557 1888 3606 mi

1108 3640 1228 3708 speeiem
1252 3653 1390 3690 corvorum
1416 3629 1471 3708 (ib.
1491 3651 1522 3710 p.
1549 3653 1599 3704 ιι,
1627 3635 1680 3707 4).
1702 3638 1783 3693 Idem
1807 3645 1887 3696 Atus-

1108 3741 1231 3780 rorruus
1250 3725 1321 3778 dicit
1327 3737 1472 3797 promptos
1484 3727 1555 3778 riuis
1579 3724 1672 3779 oculor
1694 3730 1793 3782 inertes
1807 3747 1864 3785 esse
1874 3752 1885 3782 .·

1110 3811 1209 3881 referri
1231 3812 1282 3868 Itos
1310 3813 1353 3866 ad
1374 3817 1467 3866 asinos
1484 3808 1542 3886 (ib.
1567 3830 1597 3887 p.
1628 3830 1682 3883 ιι,
1710 3812 1769 3884 34).
1781 3818 1887 3874 IDEM

1110 3989 1163 4044 iroc
1181 3991 1223 4045 ad
1243 4007 1358 4062 caprum
1382 3984 1443 4064 iil).
1471 4005 1502 4063 p.
1534 4007 1580 4059 ra,
1601 3988 1665 4060 43).
1683 3991 1787 4044 IDEM
1806 3993 1883 4060 dicit,

1109 4084 1157 4152 qui
1170 4079 1340 4134 rotundiores
1353 4077 1446 4132 oculos
1454 4077 1668 4150 splendidasque
1674 4083 1776 4149 gerunt
1785 4119 1794 4142 ,
1804 4084 1884 4134 insa·

1110 4168 1293 4220 tiabiIescsse
1315 4169 1482 4234 veneris,ut
1508 4165 1582 4240 galli
1608 4164 1672 4241 (ib.
1688 4181 1720 4240 p.
1749 4184 1795 4236 ra,
1814 4169 1884 4242 48),

1110 4254 1216 4308 IDEM
1236 4255 1306 4308 dicit
1319 4257 1458 4308 animosos
1476 4271 1536 4307 esse
1549 4270 1595 4306 eas
1612 4270 1726 4324 quornm
1744 4267 1810 4325 post
1823 4263 1883 4328 pri.

1111 4360 1186 4396 mam
1191 4346 1363 4412 juventutem
1373 4361 1459 4414 gcnoe
1471 4343 1594 4396 duriores
1608 4351 1636 4395 et
1645 4341 1730 4393 nuda·
1740 4355 1814 4410 sunt,
1829 4363 1883 4399 er-

1109 4434 1307 4484 timumautem
1321 4429 1537 4484 nrentumbarba
1550 4441 1593 4482 est
1599 4428 1715 4482 obsitam
1725 4424 1777 4504 (ibt
1793 4449 1822 4506 p.
1837 4433 1882 4498 rt,

1109 4515 1154 4591 9).
1178 4519 1284 4572 IDEM
1305 4519 1372 4571 dicit
1393 4535 1440 4571 eor
1459 4522 1510 4589 qui
1527 4535 1596 4570 aroce
1621 4521 1662 4568 ita
1687 4517 1832 4573 intendunt
1853 4535 1885 4574 nt

1105 4612 1239 4678 proxime
1257 4611 1374 4679 caprino
1388 4605 1485 4658 baiani
1500 4623 1563 4658 enm
1575 4616 1749 4676 recuperent,
1758 4602 1882 4673 furiosos

1108 4712 1167 4748 esse
1179 4699 1208 4749 in
1218 4712 1347 4750 venerem
1359 4715 1367 4747 .·
1381 4690 1482 4763 referri
1491 4693 1542 4746 lroc
1553 4693 1594 4746 nd
1601 4710 1704 4764 capras
1716 4689 1772 4769 (ib.
1788 4711 1817 4768 p.
1833 4705 1879 4764 ι4,

1112 4781 1178 4856 ι3).
1205 4783 1311 4837 IDEM
1331 4784 1401 4836 dicit
1417 4781 1559 4836 insidiosos
1580 4786 1628 4853 qai
1651 4781 1756 4834 brevem
1777 4780 1883 4838 babent

1108 4876 1237 4926 cervicem
1253 4866 1309 4947 (ib.
1333 4887 1362 4946 p.
1382 4886 1428 4939 ro,
1453 4869 1522 4944 37),
1550 4881 1683 4943 tanquam
1704 4875 1729 4922 si
1751 4866 1881 4939 injiricint

1108 4970 1200 5016 cetero
1208 4961 1323 5032 corpori,
1340 4970 1368 5010 et
1378 4958 1477 5030 quibus
1488 4957 1668 5012 subsannatio
1682 4959 1733 5012 oei
1746 4961 1880 5030 aspiratio

1108 5059 1150 5102 est
1172 5051 1283 5101 narium
1306 5056 1333 5099 et
1349 5051 1487 5101 concussio
1502 5050 1598 5119 pn'ma-
1617 5045 1764 5100 audurae
1775 5045 1881 5099 reducti

1108 5141 1173 5206 oris,
1189 5145 1219 5188 at
1233 5139 1260 5187 in
1274 5139 1332 5187 risu
1344 5133 1413 5187 solet
1419 5134 1492 5208 fieri
1506 5137 1556 5190 uel
1573 5145 1645 5189 certe
1658 5152 1741 5208 quum
1752 5133 1879 5205 indigna·
