4017 5984
206 546 263 610 {96
741 537 983 599 ARISTOTELIS
1006 537 1251 599 FRAGMENTA.

205 675 392 756 ἃπεγριίμησαν
407 669 468 750 δίχα
481 670 624 750 προοιμίων
644 671 689 729 καί
713 669 840 750 διαλόγων
860 668 906 728 καί
928 672 974 740 τῆς
1029 683 1121 729 terum
1132 669 1228 743 exiis,
1239 668 1800 750 quaeanobisdisputatasunt,satiscrit

204 759 352 842 πρεπούσης
367 758 499 818 ἰκδόσοσιν
517 757 708 835 ἀπαγγελίας),
731 757 780 816 hic
809 775 892 829 vcro,
912 774 974 816 rec·
1028 758 1227 838 perspicuum,
1240 759 1438 816 auctoritatem
1450 758 1802 840 Aristotelis,nostroqui·

205 852 274 921 tius,
289 860 322 906 ut
335 846 473 924 conjicio,
491 844 560 924 (αδ)
581 867 588 902 :
616 843 778 922 Συμμίκτων
794 841 974 920 Ζητημάτων,
1029 846 1094 905 dem
1103 847 1228 921 judicio,
1241 865 1301 904 non
1310 846 1408 905 minus
1416 847 1554 907 incertam
1571 866 1645 920 esse,
1665 870 1754 928 quum
1764 851 1801 909 de

206 935 256 1004 06',
265 933 300 1000 ὥς
310 955 387 1014 φησιν
398 931 691 1011 Εὔκαιροςὸσίκσυστὴς
701 931 870 991 strumum
881 945 974 991 autem
1029 934 1190 1012 deperditis
1203 932 1421 993 Problematum
1443 933 1576 1016 partibus
1590 937 1698 1012 agitur,
1713 957 1799 1015 quam
1826 1003 1831 1014 Ι

204 1024 235 1082 hi
247 1023 334 1082 iidem
346 1022 448 1100 procul
457 1021 548 1079 dubio
558 1020 640 1092 libri,
648 1021 699 1098 qui
707 1033 735 1079 et
742 1019 817 1098 apud
825 1021 908 1079 illum
919 1039 976 1078 mc·
1030 1041 1120 1099 quum
1133 1021 1169 1080 de.
1180 1021 1314 1082 servatis.

205 1111 308 1169 morati
318 1123 410 1181 erant,
422 1128 506 1186 quem
517 1121 632 1167 secutus
641 1121 684 1167 est
694 1105 975 1184 DiogenesLaertius
1069 1107 1165 1168 Pauca
1190 1109 1239 1168 bic
1277 1108 1403 1185 adjicere
1433 1109 1519 1168 liceat
1543 1111 1579 1169 de
1607 1113 1799 1173 Problematis

204 1196 241 1269 V,
256 1197 291 1256 32
307 1192 598 1276 εἘντοτοῖςφυσικοῖς
613 1195 854 1272 αἰτιολογικώτατος
869 1195 974 1253 πάντων
1029 1199 1155 1274 primum
1177 1199 1209 1257 in
1233 1197 1287 1255 bac
1313 1196 1442 1255 editione
1471 1217 1488 1256 a
1515 1218 1546 1255 v.
1575 1200 1612 1257 cl.
1644 1201 1796 1262 Bussema·

208 1284 309 1360 ἐγίνετο
329 1284 456 1361 μάλιστα,
476 1282 546 1342 ὥστε
557 1283 601 1342 καί
621 1281 680 1362 περί
701 1287 753 1341 τῶν
767 1281 912 1361 ἐλαχίστων
929 1281 975 1348 τίς
1029 1286 1100 1344 ltcro
1122 1286 1269 1363 vulgatis,
1300 1304 1366 1363 quae
1390 1286 1514 1358 iterum,
1541 1286 1641 1347 multis
1661 1289 1692 1346 in
1724 1290 1797 1351 locis

206 1369 290 1437 αίτίας
310 1369 468 1429 ἀποδιδόναι·
485 1368 573 1449 διόπερ
589 1367 634 1427 καί
652 1373 696 1428 οὐκ
715 1368 789 1447 ὀλίγα
803 1367 893 1447 pitito
913 1391 974 1428 συν-
1028 1372 1091 1430 sive
1105 1373 1238 1431 codicum
1253 1391 1327 1450 quos
1351 1373 1488 1445 contulit,
1511 1373 1575 1432 sive
1598 1387 1627 1433 et
1650 1376 1798 1453 conjectu·

204 1457 300 1538 ἔγραψε
314 1459 429 1534 φυσικῶν
448 1456 733 1535 ὑπομνημονιυμοίτων.
1029 1479 1126 1520 rarum
1156 1481 1211 1538 ope
1233 1459 1430 1521 emendatiora
1457 1461 1495 1521 Η.
1517 1460 1663 1521 Usenerus
1691 1465 1795 1536 edidit,

243 1547 286 1604 Dc
306 1546 351 1604 bis
375 1545 464 1622 igitur
488 1545 528 1603 ita
547 1544 727 1605 statuendum
749 1563 811 1604 esse
834 1543 972 1616 arbitror,
1028 1548 1062 1606 in
1086 1548 1143 1608 boc
1164 1548 1364 1608 tantummodo
1388 1550 1509 1607 fortasse
1533 1569 1591 1608 non
1612 1551 1795 1628 probandus,

205 1654 264 1692 non
280 1635 363 1712 quasi
383 1653 510 1712 unquam
530 1649 616 1690 omne
636 1633 692 1690 hoc
715 1651 805 1707 genus
830 1630 972 1690 librorum
1028 1637 1108 1714 quod
1120 1653 1154 1692 ea
1173 1632 1339 1692 Alexandro
1357 1635 1598 1714 Aphrodisiensio
1621 1640 1735 1702 tribuit.
1750 1643 1795 1704 Cf.

204 1721 351 1779 communi
365 1720 529 1797 Ζητημάτων
552 1720 668 1779 nomine
686 1720 858 1798 inscriptum
875 1720 976 1779 suisset
1029 1727 1189 1782 Aleamrdri
1221 1724 1371 1798 Aphrodite.
1401 1725 1607 1780 Pmbtcmamm
1633 1727 1664 1783 tt.
1687 1729 1744 1781 111
1767 1739 1795 1781 et

210 1807 347 1888 (Galenus
361 1808 450 1878 enim,
466 1825 555 1882 quum
573 1805 614 1864 De
633 1806 877 1884 simplicmedic.
892 1805 914 1867 l.
931 1804 969 1880 ll,
1029 1813 1074 1865 IV
1092 1831 1148 1867 rec.
1176 1811 1211 1869 H.
1235 1811 1352 1879 Usener,
1377 1806 1472 1865 Berol.
1497 1806 1584 1883 1859.
1605 1805 1646 1866 Ut
1665 1826 1736 1868 vero
1761 1809 1795 1868 ad

204 1914 232 1972 p.
256 1903 324 1967 474,
347 1893 510 1952 Aristotelis
525 1904 554 1950 et
571 1893 596 1948 T
598 1891 762 1972 beopbrasti
779 1890 876 1971 φυσικίι
890 1891 975 1964 ζητή-
1028 1894 1270 1955 Bussemalerum
1286 1893 1413 1964 redeam,
1428 1893 1480 1971 qui
1500 1893 1557 1952 alia
1571 1893 1661 1952 multa
1680 1898 1797 1972 egregie

203 2002 275 2056 ματα
289 1980 430 2052 nominat,
443 1992 539 2056 aperte
552 1999 610 2038 non
622 1978 764 2037 librorum
777 1980 893 2038 titulum
907 1999 974 2057 pro·
1027 1982 1206 2059 disputavit,
1232 2001 1290 2040 uon
1316 1980 1466 2058 perspexit
1487 1979 1535 2038 vir
1560 1980 1742 2041 doctissimus
1765 1984 1796 2042 in

204 2067 297 2148 tulit),
322 2069 372 2128 scd
395 2069 496 2146 procul
519 2066 610 2126 dubio
625 2066 775 2125 Eucaerum
795 2067 894 2138 illum,
914 2085 972 2123 non
1027 2069 1211 2138 praefatione,
1235 2090 1265 2148 p.
1290 2067 1395 2142 lllllll,
1409 2067 1595 2125 Plutarchum
1615 2069 1646 2127 in
1668 2069 1795 2131 Natural.

204 2157 298 2214 minus
309 2158 438 2232 ignotum
455 2155 624 2231 ceteroquin
636 2153 889 2230 hominem,quam
904 2151 973 2210 Dia·
1028 2171 1130 2234 quaest.
1144 2178 1170 2218 c.
1189 2177 1239 2234 αι,
1260 2173 1349 2214 none
1373 2153 1522 2216 Problem.
1537 2155 1615 2214 ined.
1632 2175 1656 2214 s.
1680 2157 1719 2229 ll,
1742 2166 1795 2224 ila

203 2265 273 2313 rem,
287 2245 321 2301 ud
337 2263 422 2320 quem
439 2242 574 2320 epistolas
589 2241 739 2319 scripsisse
754 2238 845 2299 let-tur
860 2239 974 2298 Aristo-
1026 2243 1162 2320 pendere,
1176 2244 1226 2303 sed
1240 2245 1340 2302 eodem
1355 2244 1436 2301 illum
1451 2243 1528 2300 sonte
1537 2262 1621 2301 usum
1632 2263 1694 2304 esse
1702 2268 1761 2323 quo
1769 2262 1797 2305 et

205 2329 293 2399 teles,
305 2329 346 2386 ita
360 2347 500 2387 summam
515 2329 646 2387 omnium
662 2329 803 2387 librorum
819 2327 972 2399 indicasse,
1026 2329 1239 2390 Problematum
1257 2344 1416 2401 auctorem,
1431 2329 1542 2387 scilicet
1555 2329 1694 2390 llistoriis
1705 2334 1794 2391 anim.

206 2421 236 2478 in
251 2417 360 2497 quibus
374 2419 472 2476 varias
486 2416 659 2494 questiones
682 2427 855 2472 tractaverat
876 2413 973 2492 philo·
1026 2417 1104 2490 Vlll,
1129 2420 1176 2478 28.
1192 2418 1301 2477 Contra
1313 2437 1385 2476 vero
1398 2436 1461 2494 quae
1479 2416 1556 2494 apud
1578 2417 1701 2476 eundem
1724 2419 1798 2476 Plu-

204 2505 323 2585 sophus.
340 2504 416 2562 lllutl
428 2505 517 2580 igitur
530 2530 542 2554 ι
566 2505 696 2583 φυσικῶν,
715 2527 728 2554 ν
746 2501 825 2578 quod
839 2498 969 2559 additum
1026 2507 1156 2564 tarcbum
1168 2505 1283 2566 duobus
1294 2505 1370 2564 locis
1381 2505 1526 2581 leguntur,
1546 2503 1674 2566 Natural.
1692 2520 1794 2582 quaest.

202 2593 345 2671 reperitur
359 2593 391 2650 in
409 2589 473 2649 Vita
487 2589 643 2661 Marciana,
670 2607 729 2646 non
750 2588 843 2664 magis
866 2605 973 2662 urgen-
1027 2615 1053 2652 ς,
1075 2616 1107 2651 12
1126 2607 1155 2653 er
1175 2594 1219 2652 De
1239 2593 1334 2672 primo
1348 2591 1454 2668 frigido
1474 2611 1499 2649 ς.
1527 2592 1574 2663 13,
1589 2591 1626 2651 de
1638 2594 1797 2670 quaetione

202 2681 271 2740 dum
281 2693 333 2752 est,
349 2699 434 2757 quant
447 2679 525 2756 quod
534 2679 566 2737 in
582 2678 666 2737 titulo
677 2688 783 2735 nostrae
795 2675 973 2734 collectionis
1027 2682 1181 2760 saepissime
1202 2692 1321 2738 tractata
1345 2700 1353 2737 τ
1378 2677 1430 2738 Διὰ
1453 2677 1479 2736 τί
1499 2679 1545 2748 τῆς
1565 2677 1695 2750 θαλάττης
1716 2679 1796 2759 ἐλαίῳ

202 2767 417 2827 problematum
453 2786 470 2825 a
499 2766 646 2844 plerisque
682 2763 833 2822 codicibus
859 2761 972 2844 praebe-
1031 2765 1272 2849 καταρμαινομένης
1295 2767 1395 2844 γίνεται
1419 2764 1542 2845 γαλήνη,
1575 2777 1672 2844 aperte
1698 2767 1796 2826 eadem

202 2871 248 2916 tur
267 2855 316 2936 (ι),
333 2856 442 2934 quippe
455 2874 520 2932 qu'e
535 2873 594 2912 non
618 2853 753 2932 physicas
772 2851 972 2910 tantummodo
1026 2871 1094 2917 sunt
1106 2877 1140 2917 ac
1150 2875 1215 2934 quae
1226 2856 1256 2914 in
1267 2853 1370 2913 Probl.
1381 2853 1459 2915 ined.
1471 2873 1495 2931 s.¹
1505 2851 1559 2920 tlt,
1574 2874 1611 2930 ²9
1625 2867 1792 2914 tractantur.

202 2944 377 3020 quaestiones
396 2941 532 3002 continet.
558 2940 603 2998 Ab
626 2943 684 2999 isto
700 2959 772 2998 vero
793 2937 921 2998 Lllllllll
935 2939 973 2997 li·
1027 2947 1135 3004 Praeter
1157 2944 1230 3002 hanc
1246 2961 1317 3000 vero
1337 2954 1365 2999 et
1387 2941 1477 2998 altera
1498 2952 1541 2999 est
1555 2943 1693 3016 quaestio,
1709 2940 1793 3018 cujus

204 3033 323 3092 brorum
350 3050 483 3100 numero,
501 3042 571 3088 utet
584 3029 640 3086 hoc
652 3029 766 3106 addam,
780 3046 839 3086 non
850 3027 971 3086 multum
1028 3048 1164 3110 tanquam
1179 3050 1216 3089 ex
1237 3029 1392 3088 Aristotele
1406 3027 1564 3106 desumptae
1583 3029 1714 3086 meminit
1729 3029 1797 3087 Plu·
1824 3084 1832 3100 ,

204 3121 348 3197 discrepat
368 3136 469 3176 eorum
493 3134 624 3193 summa,
646 3135 720 3192 quos
737 3133 832 3174 meras
853 3114 972 3173 Ptpble·
1027 3120 1154 3191 tarcbus,
1171 3137 1257 3196 quam
1270 3134 1353 3193 paene
1366 3115 1485 3173 eandem
1498 3113 1679 3172 Problemata
1690 3115 1797 3173 inedita

204 3220 311 3266 matum
326 3205 510 3263 collectiones
533 3203 621 3262 luisse
643 3200 797 3280 probabile
820 3213 874 3260 est.
899 3200 972 3260 Sunt
1025 3207 1172 3267 exhibent,
1188 3206 1232 3265 Cf.
1249 3205 1327 3266 infra
1341 3205 1378 3263 ir.
1394 3203 1439 3261 15.

203 3309 297 3352 autem
313 3292 357 3365 hi,
374 3291 425 3369 qui
437 3290 514 3367 apud
535 3289 693 3366 Diogenem
710 3288 857 3348 Laertium
873 3288 972 3348 indea
1067 3301 1199 3360 ceterum
1225 3293 1274 3351 hle
1294 3305 1324 3351 et
1349 3291 1421 3350 illud
1445 3289 1619 3349 addendum·
1632 3304 1690 3362 est,
1719 3311 1796 3348 non-

206 3401 261 3455 109
295 3379 330 3438 ad
372 3379 426 3436 125
459 3389 676 3448 enumerantur,
709 3395 832 3453 ‘lumin
861 3395 972 3434 Summa
1026 3387 1121 3444 nullas
1141 3381 1316 3461 questiones
1329 3399 1366 3438 ex
1386 3378 1489 3437 borum
1504 3377 1719 3437 problematum
1735 3398 1796 3438 sec·

205 3467 322 3526 LXVlll
349 3461 465 3525 conficit
497 3465 657 3523 volumine·
684 3463 790 3526 Eorum
818 3481 971 3522 numerum
1026 3474 1105 3533 tione
1121 3469 1396 3545 alteradesumptas,
1409 3466 1578 3525 intermixto
1588 3485 1649 3523 uno
1666 3467 1796 3524 alterove

203 3573 391 3635 permagnum
414 3554 517 3624 fuisse,
539 3551 593 3612 etsi
617 3571 674 3610 non
689 3551 825 3623 definiat,
852 3563 971 3611 testatur
1025 3559 1118 3618 Cassii
1129 3556 1326 3616 Alexandrive
1335 3553 1558 3633 Aphrodisiensi
1567 3553 1758 3633 problemate,
1769 3555 1801 3611 in

203 3663 321 3722 quoquc
332 3641 484 3722 Apuleius,
500 3641 563 3719 qui,
578 3659 667 3718 quum
683 3641 714 3698 in
722 3640 855 3698 oratione
862 3639 898 3697 de
913 3637 971 3698 Mu·
1026 3647 1146 3723 antiqua
1153 3643 1289 3702 versione
1296 3639 1386 3699 latina
1395 3637 1464 3714 legi,
1474 3655 1560 3715 quam
1572 3635 1697 3696 ecodioe
1712 3637 1795 3697 Bam.

108 3791 111 3798 ,
202 3735 250 3808 gia
267 3754 291 3790 c.
314 3733 350 3804 37
374 3731 499 3810 primum
521 3730 634 3787 locutus
649 3740 724 3787 esset
741 3755 753 3779 ι
771 3731 971 3805 dernulrijugtr
1026 3733 1161 3811 bergensi
1179 3749 1235 3790 sec.
1254 3728 1350 3802 ll‚cui
1371 3725 1473 3786 titulus
1489 3724 1649 3803 inscriptus
1666 3739 1730 3787 esta
1745 3731 1797 3785 1ο-

202 3823 387 3878 voluminibus
406 3821 558 3876 Aristotelis
574 3815 633 3895 περί
654 3813 734 3893 Ζῴων
746 3813 886 3894 γενίσιως,
909 3815 971 3895 περί
1024 3828 1094 3898 cipit
1102 3823 1250 3896 problema
1262 3819 1418 3874 Aristotelis
1427 3813 1596 3892 philosophi,
1608 3813 1721 3892 primus
1733 3815 1797 3872 edi-

200 3907 281 3988 Ζῴων
296 3909 439 3983 ἀνατομῆς,
449 3905 508 3982 περὶ
522 3903 603 3985 Ζῴων
614 3905 743 3984 ἱστοριῶν,
757 3928 770 3956 ι
788 3903 829 3962 ita
847 3904 966 3982 pergit:
1025 3908 1070 3966 dit
1089 3906 1209 3979 Rosius,
1225 3906 1245 3964 l.
1267 3905 1287 3962 l.
1306 3923 1334 3981 p.
1351 3903 1426 3974 666,
1443 3901 1556 3960 collatis
1578 3899 1662 3958 codd.
1678 3901 1796 3958 Bruxel-

205 4023 218 4049 «
240 3999 383 4054 Praeterea
397 3999 577 4054 Pmblemala
591 4001 736 4049 innumera
751 3995 890 4064 ejusdem,
915 4004 971 4048 tum
1026 3996 1100 4056 lensi
1119 4009 1148 4053 et
1161 3991 1354 4062 berolinensi,
1377 3990 1408 4047 in
1431 4006 1557 4066 quorum
1577 3988 1671 4065 priori
1695 3987 1796 4045 titulos

203 4106 241 4142 ex
262 4089 360 4143 eadem
381 4099 456 4142 secra
477 4098 637 4154 ceterorum,
662 4088 692 4136 iu
715 4083 812 4156 quibus
831 4083 863 4136 nt
883 4099 971 4156 gerim
1025 4085 1130 4163 legitur
1146 4085 1351 4155 :Interrogare
1364 4078 1683 4153 irrepommdrsctpur
1698 4087 1795 4129 ernia-

201 4179 288 4230 varia
300 4185 464 4230 tractantur.
482 4168 562 4228 »sed
575 4169 790 4228 haecbactenus.
1028 4179 1121 4250 gistri.
1136 4170 1179 4228 lin
1191 4169 1364 4246 conspectus
1373 4166 1564 4244 quaestionum
1577 4181 1642 4239 quae
1654 4160 1696 4218 ibi
1715 4157 1797 4216 exbi-

243 4259 339 4319 llestat
353 4271 385 4318 ut
398 4261 434 4318 de
445 4258 484 4316 iis
495 4256 568 4316 locis
581 4257 747 4328 videamus,
769 4259 799 4313 in
813 4254 920 4333 quibus
934 4254 971 4313 ab
1025 4263 1141 4331 bantur,
1155 4257 1301 4335 adscripto
1313 4255 1493 4331 singularum
1515 4250 1592 4308 sonte
1608 4266 1617 4307 ἑ

203 4347 270 4406 aliis
293 4344 486 4425 scriptoribus
505 4343 668 4403 Aristotelis
679 4341 864 4401 Problemata
878 4343 971 4401 nomi·

204 4447 319 4494 nantur.
333 4434 465 4503 Quorum
480 4431 542 4490 baec
553 4443 596 4491 est
608 4430 747 4504 conditio,
762 4443 794 4488 ut
808 4429 901 4508 major
912 4430 972 4490 lere
1149 4457 1159 4493 1
1184 4463 1223 4484 =
1245 4434 1365 4493 Aristot.
1390 4427 1489 4487 Probl.
1514 4427 1589 4483 ined.
1618 4420 1657 4495 ll,
1683 4443 1695 4479 1

204 4540 271 4600 pars
281 4519 351 4578 tales
361 4519 533 4596 quaestiones
547 4536 600 4576 res·
626 4517 698 4590 ciat,
713 4535 778 4593 quae
789 4517 820 4592 iq
831 4517 971 4594 supersti-

205 4609 283 4668 tibus
294 4606 380 4666 libris
392 4617 518 4664 tractatae
528 4625 545 4654 r
624 4617 676 4680 mt,
684 4604 729 4662 vel
738 4603 846 4680 quibus
855 4605 880 4662 si
894 4605 926 4663 in
935 4604 973 4663 iis

204 4698 398 4775 reperiuntur,
419 4694 503 4753 aliter
525 4711 694 4771 responsum
712 4703 771 4765 est‘,
792 4693 831 4750 ita
846 4706 877 4751 ut
891 4691 974 4752 iucile

204 4782 352 4860 conjicias,
365 4780 564 4838 collectionem
578 4778 624 4835 vel
638 4777 727 4856 duplo
740 4793 839 4838 nostra
852 4780 971 4857 amplio-

204 4889 264 4929 rem
279 4870 327 4949 (τί.
343 4868 439 4927 Prantl
454 4871 476 4928 l.
491 4867 514 4928 l.
527 4879 556 4924 et
567 4885 631 4944 quae
649 4865 779 4924 diximus
793 4867 823 4924 in
833 4865 910 4924 libro
921 4871 975 4923 Die

203 4954 349 5007 certamen
377 4945 522 5020 Schriften
544 4950 593 5003 des
618 4951 729 5003 Aristar.
756 4964 785 5022 p.
806 4946 872 5016 roi,
898 4944 973 5023 ss),

205 5037 371 5096 Aristotelis
393 5035 511 5095 nomine
524 5033 594 5092 olim
617 5033 786 5110 inscriptam
803 5032 899 5094 luisse.
919 5033 974 5090 Ce-

1147 4544 1224 4580 ἰἷ

1188 4983 1226 5016 ll
1186 4901 1227 4924 ll
1185 4811 1226 4837 ll
1187 4727 1225 4748 ll
1185 4639 1224 4661 ll

1302 4870 1393 4928 Cassii
1404 4865 1596 4936 Problemata,
1681 4862 1697 4917 5

1248 4959 1365 5016 Aristot.
1385 4953 1484 5013 Probl.
1507 4950 1585 5009 ined.
1619 4947 1658 5021 ll,
1681 4949 1699 5005 6

1148 5159 1167 5361 ——OQ
1147 4613 1167 5107 οοκῐοτς-ιῶω

236 5257 271 5322 (l)
282 5261 377 5308 Φυσικὰ
386 5259 545 5324 Προθήματσ
557 5265 627 5313 codd.
645 5264 708 5323 apud
724 5237 855 5311 Bellrerum
864 5269 891 5310 c·
901 5267 933 5310 lt·¹
944 5266 974 5309 tt·

199 5345 234 5393 γι
247 5337 316 5391 ntw,
328 5335 433 5392 plerique
442 5336 527 5386 eddius
535 5327 587 5380 κατ’
597 5329 658 5386 εἶδος
668 5333 812 5391 συναγωγῆς.

1188 5329 1228 5355 11
1187 5243 1226 5267 ll

1133 5239 1144 5361 tant-
