4017 5984
254 406 313 466 tto
788 403 1035 465 Aristolaus
1056 405 1306 469 FRAGMENTA.

251 540 274 595 οί
288 540 408 615 λιμναῖοι
423 540 449 606 ίς
461 535 510 609 τὴν
520 540 569 614 γῆν
582 534 678 608 ἰόντες,
690 538 726 603 a<
739 534 815 597 όσται
827 535 929 617 χειμδον
942 536 1023 605 πολδς
1079 537 1113 596 τά
1126 536 1174 615 μὲν
1185 527 1251 599 εἶναι
1264 541 1379 621 πρότιρα
1391 541 1425 601 τά
1437 544 1460 601 δ’
1476 543 1585 624 ὕστερα,
1596 548 1641 605 καί
1652 553 1707 618 πῶς
1716 542 1772 631 lxm
1783 554 1850 634 πρός

251 627 298 686 odas
314 628 462 705 ἀγνοοῦσιν,
481 629 506 685 οἱ
519 624 548 684 δδ
570 628 688 705 χερσαῖοι
708 625 861 693 σπεόδονττς
881 626 906 693 ίς
922 620 957 683 rh
978 648 1023 685 νο·
1078 625 1182 697 άλληλα
1199 633 1251 695 τοῖς
1272 628 1472 705 ἀποστήμασιν,
1499 632 1534 690 ἀκ
1553 633 1615 690 τῶν
1630 635 1706 714 περὶ
1727 637 1851 720 ἀστρο-

249 714 312 792 τιρλ
331 713 417 781 εὐδίας
433 712 539 789 ἄγγελοί
553 715 635 788 εἰσιν,
650 711 695 774 lli
714 712 803 789 μίντοι
815 717 958 775 σιωπῶσιν.
1077 712 1197 791 λογίαν
1212 715 1404 797 θεωρείσθω.

265 805 335 902 019·
351 798 484 879 sequenti
509 798 604 877 capite
629 797 760 875 ejusdem
793 801 863 860 libri
888 803 971 881 (vti,
998 810 1028 882 8)
1117 800 1268 866 Meteorol.
1292 807 1317 876 1,
1342 806 1371 878 3,
1392 826 1410 863 ο
1428 828 1435 863 :
1451 803 1487 866 ‘0
1508 804 1556 883 μίν
1577 807 1690 888 γδρτῆς
1709 814 1758 889 γῆς
1774 812 1850 891 ὄγκος

249 888 355 986 srmrha
367 898 555 964 apponuntur
570 889 723 963 praesagia,
746 906 811 964 quae
830 906 848 946 a
867 890 1023 966 pecoribus
1077 890 1187 959 πηλίκος
1207 890 1239 949 ἄν
1256 913 1295 958 τις
1309 890 1350 963 ιίη
1365 890 1429 973 πρός
1447 892 1481 951 τά
1499 892 1655 973 περιάγοντα
1672 898 1783 975 ιιιγίθη,
1803 900 1849 959 οὐκ

248 972 359 1031 scilicet
373 972 550 1052 praebentur,
564 992 602 1031 ex
611 972 713 1032 eodem
723 974 788 1033 sine
801 973 892 1034 dubio
904 988 1023 1035 auctore
1077 976 1184 1049 ἄδηλον·
1199 977 1251 1051 ἤδη
1265 978 1316 1058 γάρ
1330 969 1439 1039 ὦπται
1453 979 1505 1040 διά
1517 954 1848 1066 τῶνδατρολαγικῶν

247 1061 333 1119 ducta
349 1082 356 1119 ι
1077 1067 1302 1143 θεωρημάτων
1314 1070 1376 1143 ἡμῖν
1393 1068 1434 1128 ότι
1449 1068 1517 1127 πολὺ
1529 1068 1575 1129 καὶ
1587 1074 1640 1129 τῶν
1655 1073 1759 1154 ἄστρων
1772 1075 1847 1133 ίνίων

288 1145 344 1207 Καί
360 1149 446 1209 ἀκτῖνα
468 1145 497 1206 dl
510 1146 683 1228 προσακήκοα
702 1147 829 1219 ἐκπλῆξαι
846 1148 937 1209 ἱκανά.
957 1151 1023 1216 Βοῦς
1077 1152 1192 1212 ἀλάστων
1203 1154 1284 1213 ἐστίν.

247 1232 293 1341 ihr
312 1240 363 1317 βοᾷ
383 1235 429 1296 καί
448 1236 620 1316 όσφραίνηται
645 1236 712 1314 [τῆς
734 1234 817 1319 γἠς],
838 1233 893 1331 ὕειν
910 1234 1021 1314 ἀνάγκη·
1116 1241 1268 1304 hlet'eorol.
1285 1242 1419 1316 1,8,θ;
1437 1244 1509 1326 Πρδς
1524 1244 1551 1304 δί
1573 1245 1672 1313 τούτοις
1690 1251 1713 1308 ti
1730 1252 1848 1332 καθάπερ

247 1322 355 1427 άοηνηδί
372 1324 434 1404 βόες
455 1325 501 1383 καί
521 1323 591 1403 πίρα
610 1328 656 1382 τοῦ
676 1322 748 1392 ἔθους
769 1322 895 1392 ίσθίοντες
914 1324 1022 1395 δηλοῦσι
1076 1328 1242 1387 δείκνυται
1258 1331 1291 1388 όν
1307 1329 1706 1411 τοῖςπαρλάστρολογίαν
1723 1339 1847 1421 θεωρή-

246 1432 378 1489 χῑῑμωνῑ·
397 1410 527 1492 Πθθθῦτῑ
543 1412 572 1472 ὅθ
588 1409 729 1491 θρῦτῖθντῐ
739 1420 797 1479 ταῖς
807 1413 901 1480 induit
914 1415 963 1486 fh*
972 1412 1021 1487 γῆν
1077 1438 1189 1491 μασιν,
1199 1414 1356 1497 οὖτωςίχιι,
1365 1418 1410 1477 καί
1420 1419 1488 1479 τότε
1501 1426 1547 1480 τοῦ
1557 1420 1632 1492 ἡλίου
1643 1421 1750 1502 μίγεθος
1760 1429 1847 1502 μεῖζόν

247 1495 316 1556 ίοικε
332 1500 472 1578 σημαίνειν
493 1500 628 1577 χειμῶνα,
643 1497 837 1574 ἀναόαινόμανα
855 1498 883 1559 δὲ
900 1498 934 1559 τά
952 1496 1022 1559 avith
1076 1505 1145 1561 iortv
1156 1501 1210 1575 ἣτδ
1222 1508 1268 1577 τῆς
1278 1509 1326 1584 γῆς
1335 1505 1381 1565 καί
1390 1504 1420 1565 τὸ
1431 1505 1564 1583 διάστημα
1575 1508 1781 1579 πολλαπλασίως
1789 1521 1848 1571 usi·
1879 1554 1882 1564 -

246 1584 317 1664 πρωί
325 1590 443 1665 χειμῶνα
451 1587 582 1664 ὁμολογεῖ.
593 1584 766 1664 Κοιμόιμιναι
776 1584 802 1644 di
812 1585 904 1666 ἀθρόαι
913 1589 940 1645 αἱ
950 1577 1021 1665 αἶγας
1076 1593 1118 1659 ζον
1130 1590 1218 1651 titiis
1232 1590 1335 1672 άστρων
1345 1594 1409 1673 πρδς
1420 1593 1468 1667 τὴν
1480 1597 1529 1671 γῆν
1541 1594 1597 1667 hri>
1608 1599 1655 1667 τῆς
1669 1568 1795 1672 σελήνης,
1801 1603 1848 1659 οὐκ

246 1673 281 1732 τά
304 1673 372 1733 adad
394 1677 576 1753 ὁμολογοῦσιν.
599 1672 667 1741 Ὕες
689 1672 770 1752 (μόσς
792 1675 898 1751 corrig.
924 1689 1028 1753 censet·
1076 1675 1106 1737 ἂν
1128 1679 1217 1759 πόρρω
1230 1702 1280 1739 που
1299 1678 1352 1739 ἀπό
1365 1686 1411 1753 ιη”ς
1424 1684 1471 1756 γῆς
1488 1685 1503 1740 δ
1523 1685 1697 1751 κῶνοςόάπὸ
1714 1691 1760 1747 τοῦ
1772 1688 1848 1761 ἡλίου

248 1762 371 1841 Rosius)
390 1762 460 1823 iiis
472 1772 526 1829 τοῖς
543 1761 666 1841 ἀράιμασι
679 1761 835 1843 φαινόμενοι
850 1766 926 1823 ὑετοῦ
935 1763 1020 1844 φυγὴν
1068 1755 1217 1833 συμόιίλλοι
1239 1758 1286 1826 adt
1299 1759 1483 1833 ‹lxt't'lflml’ti’
1493 1758 1524 1819 θ*
1544 1766 1562 1832 ἡ
1585 1761 1649 1822 σκῑθ
1664 1760 1729 1843 apd<
1742 1771 1795 1831 τοῖς
1813 1766 1846 1824 οἵ·

247 1848 408 1913 διδάσκουσι.
419 1848 509 1931 1’λρνες
524 1851 551 1911 dl
568 1849 620 1931 ἄρα
633 1850 679 1908 καλ
693 1850 776 1931 ἔριφοι
793 1850 916 1923 ἀλλήλοις
931 1852 1020 1929 ἀμετη-
1068 1868 1156 1926 στροις
1165 1846 1206 1921 τίη
1214 1854 1261 1920 τῆς
1268 1849 1506 1927 γῆς,ἡκαλουμίνη
1517 1848 1569 1924 νόξ,
1575 1851 1634 1909 ἀλλ’
1645 1852 1748 1929 ἀνάγκη
1758 1852 1845 1913 πάντα

246 1937 340 2006 δῶντίς
352 1961 381 1998 τε
395 1939 440 1998 καί
452 1942 658 2018 όποσκιρτῶντες
673 1937 786 2019 φαιδράν
800 1936 905 2018 ήμίραν
922 1939 1020 2015 δμολο-
1068 1934 1113 1995 τὸν
1126 1934 1199 2006 ἥλιον
1217 1936 1252 1997 τά
1267 1937 1352 2018 άστρα
1366 1947 1501 2020 περιοράν,
1513 1938 1558 1999 καί
1570 1940 1662 2017 μηθενὶ
1673 1938 1721 2013 τὴν
1734 1942 1783 2019 γῆν
1797 1942 1846 1999 ἀν·

245 2032 345 2103 γῶσιν.
359 2032 382 2090 Γ
383 2030 447 2088 αλαῑ
455 2027 483 2087 δδ
492 2027 675 2107 δποτρίζοοσαι
685 2024 732 2085 καλ
743 2032 806 2103 μῦας
815 2024 924 2092 ἀκιίναις
934 2026 1022 2105 δρῶν·
1067 2024 1216 2104 τιφράττειν
1231 2026 1330 2087 αὐτῶν.

245 2138 288 2181 τις
297 2113 331 2173 sd
345 2116 414 2174 siri
430 2118 551 2196 χειμῶνα
565 2113 762 2191 αυμόάλλονται
780 2111 886 2171 aaron
903 2113 1020 2191 ἰσχυρόν.
1107 2112 1218 2173 Tribus
1232 2113 1279 2173 his
1298 2114 1371 2173 locis
1395 2115 1473 2175 inter
1493 2136 1525 2175 se
1545 2118 1735 2196 comparatis,
1760 2137 1848 2179 unam

246 2203 330 2262 Λάκαι
344 2202 373 2260 δί
384 2203 522 2282 privavere
529 2200 640 2278 ἀρημίιις
656 2198 701 2257 καί
718 2197 1018 2274 litimiacensem
1078 2198 1260 2277 eandemque
1279 2199 1470 2275 quaestionem
1487 2201 1640 2276 apparebit
1660 2219 1723 2261 ease
1740 2202 1777 2261 de
1793 2222 1850 2280 qua

246 2287 328 2356 ἰόντες
348 2292 478 2368 χειμῶνας
499 2285 616 2363 δμόολὴν
631 2284 769 2363 μέλλοντος
787 2283 828 2343 ότι
844 2284 1019 2365 πιφρίκιισιν,
1076 2286 1207 2363 loquitur
1229 2285 1438 2365 philosophus,
1462 2288 1504 2346 ita
1525 2299 1620 2345 tamen
1651 2300 1685 2353 ut
1707 2288 1848 2348 incertum

248 2381 409 2457 μαρτυροῦσι
429 2374 462 2433 δι’
475 2366 513 2435 ὧν
528 2376 621 2452 δρῶσι.
640 2372 754 2438 Alorco<
767 2370 796 2431 δί
809 2372 836 2430 δν
850 2374 904 2438 τοῖς
923 2372 1019 2452 separi-
1033 2424 1036 2431 .
1075 2386 1199 2446 maneat,
1211 2386 1308 2433 utrum
1322 2375 1385 2450 ipse
1394 2392 1456 2435 eam
1470 2374 1600 2452 propriis
1611 2374 1710 2437 dehac
1724 2395 1755 2434 rc
1765 2376 1850 2437 libris

247 2486 306 2537 μοις
321 2462 427 2542 χωρίοις
446 2460 574 2538 ἐπιδημία
589 2459 693 2539 αὐχμόν
715 2459 800 2530 δηλοῖ.
816 2457 971 2538 Σκιρτῶντά
991 2481 1022 2536 γι
1075 2461 1295 2539 pertractaverit
1311 2480 1348 2519 an
1369 2459 1494 2525 aliorum
1510 2459 1614 2519 dehac
1629 2481 1661 2519 re
1682 2462 1849 2537 significare

247 2548 300 2625 μὴν
312 2549 347 2608 zi
361 2547 489 2627 ὑποζύγια
500 2547 547 2607 καί
556 2550 658 2626 βοῶντα
667 2550 714 2605 τοῦ
725 2545 797 2612 ίθους
807 2546 908 2623 μᾶλλον
917 2547 1021 2625 νοτερὸν
1075 2548 1203 2607 voluerit
1217 2548 1333 2627 scripta.
1349 2546 1466 2611 Veteres
1480 2548 1672 2625 interpretes,
1684 2560 1718 2607 ut
1738 2547 1848 2623 solent,

246 2639 365 2716 χειμῶνα
384 2636 507 2714 ἐσόμενον
522 2636 605 2707 δηλοῖ·
618 2635 641 2693 εί
656 2631 683 2693 di
700 2633 820 2700 καὶτοῖς
836 2633 931 2701 ὁπλαῖς
949 2632 1020 2693 κόνιν
1076 2656 1136 2695 non
1151 2635 1273 2694 multum
1292 2632 1400 2712 J'uvaut
1413 2634 1449 2693 ad
1473 2635 1690 2713 dijudicandam
1713 2640 1849 2715 quaestio·

246 2724 476 2802 προσοναόάλλοι,
491 2719 575 2781 ταθτδ
589 2723 672 2779 ταῦτα
690 2719 764 2793 δηλοῖ
778 2742 839 2779 που.
855 2718 937 2801 Δαγῲ
951 2720 979 2779 dl
994 2723 1022 2781 ἀν
1076 2742 1151 2782 nent.
1163 2723 1270 2783 Omnes
1281 2723 1475 2803 euint(Schol.
1489 2722 1551 2781 cod.
1564 2722 1655 2781 Coisl.
1670 2725 1701 2781 in
1712 2724 1801 2785 Arist.
1814 2725 1851 2785 de

246 2812 299 2878 τοῖς
316 2813 403 2879 αὐτοῖς
416 2810 522 2892 χωρίοις
535 2808 663 2890 ὁρώμενοι
677 2805 770 2867 πολλοὶ
782 2806 903 2880 δηλοῦσιν
920 2806 1019 2866 εὐδίαν.
1076 2811 1154 2869 Caelo
1174 2833 1204 2891 p·
1226 2821 1296 2889 ium
1312 2812 1355 2884 θ,
1384 2831 1397 2875 t
1421 2810 1541 2883 urana,
1565 2808 1591 2867 T
1592 2811 1739 2871 heodorus
1759 2810 1851 2873 lleto·

246 2899 371 2973 Quibus,
386 2913 419 2959 ut
437 2920 474 2958 ex
491 2897 593 2957 eodem
616 2896 694 2955 sonte
712 2894 875 2973 desumpta,
890 2895 1022 2955 addenda
1076 2898 1154 2957 chita
1179 2919 1210 2976 p.
1236 2900 1303 2972 371,
1328 2897 1475 2958 versionis
1497 2898 1611 2969 latinae,
1637 2894 1800 2957 Alexander
1819 2900 1850 2957 in

246 3002 330 3066 sunt,
345 2990 453 3047 collato
467 2985 624 3047 Plutarcho
638 2984 675 3043 de
685 2983 803 3042 Sollert.
819 2984 920 3045 Anim.
930 3005 956 3046 c.
970 2985 1020 3058 34,
1076 2986 1165 3045 Arist.
1182 2986 1330 3047 hleteorol.
1354 2985 1374 3042 s.
1394 3006 1429 3058 72
1444 3003 1529 3044 verso
1541 2984 1549 3063 l
1559 2997 1579 3044 t.
1594 2984 1618 3056 1,
1632 3003 1662 3062 p.
1681 2992 1734 3051 nlo
1747 2984 1848 3063 idel),
1912 3009 1918 3019 ·

248 3097 313 3153 quac
332 3076 419 3135 habet
437 3076 566 3135 AElianus
584 3073 605 3133 l.
626 3071 676 3130 lx.
699 3091 718 3147 9
740 3092 747 3127 ι
773 3068 896 3131 ‘ostiti
919 3073 1022 3151 βαίτρα-
1075 3071 1363 3151 Olympiodorus,ib.
1377 3072 1425 3134 sol.
1437 3072 1474 3129 56
1488 3084 1566 3130 tecto
1582 3069 1851 3148 (p.139ld.),Theo·

246 3185 291 3241 χοι
304 3166 477 3241 γεγωνότερον
492 3159 654 3241 φθέγγωνται
668 3156 714 3215 καί
734 3160 782 3228 τῆς
800 3157 936 3230 αυνηθιίας
948 3158 1022 3235 λαμ·
1076 3162 1165 3223 dorus
1180 3160 1303 3220 Metooh.
1321 3180 1349 3239 p.
1366 3161 1435 3233 577,
1452 3158 1614 3219 Alexander
1627 3159 1675 3216 iol.
1690 3159 1724 3215 81
1742 3178 1847 3229 verso,

248 3246 389 3327 πρότερον,
404 3245 547 3323 iudai-‘4²⁹
561 3246 684 3315 ὅηθθῧσῑν
697 3247 781 3301 ὓῑτῡῧ·
1076 3249 1244 3328 Olympiod.
1256 3248 1275 3307 s.
1288 3250 1326 3306 66
1339 3267 1443 3320 verso,
1458 3245 1586 3304 Joannes
1604 3244 1786 3321 Philoponus
1799 3248 1849 3305 iol.

287 3334 332 3392 Ex
344 3335 391 3392 his
402 3334 540 3412 pleraque
560 3333 592 3390 in
606 3330 684 3389 libro
703 3328 740 3387 de
751 3329 864 3405 Signis,
880 3332 932 3407 qui
947 3334 1024 3392 inter
1080 3358 1134 3395 roo
1160 3348 1251 3409 recto,
1273 3334 1447 3395 Theodorus
1474 3330 1632 3390 hletochita
1648 3352 1677 3409 p.
1696 3332 1784 3409 585),
1810 3334 1849 3393 ita

247 3421 442 3500 Theophrasti
464 3423 573 3499 scripta
594 3418 711 3493 legitur,
733 3430 764 3476 et
782 3418 860 3496 apud
880 3421 1020 3494 Aratum,
1076 3424 1242 3503 philosophi
1265 3422 1357 3481 verba
1378 3420 1536 3498 accipiunt,
1558 3419 1640 3494 quasi
1661 3418 1697 3478 de
1724 3421 1847 3479 astrolo-

249 3510 390 3569 nonnulla
405 3509 492 3568 etiam
506 3508 584 3586 apud
598 3506 746 3577 Plinium,
771 3505 845 3565 llist.
863 3526 893 3565 n.
908 3506 1020 3581 lllllll,
1076 3530 1180 3587 goram
1217 3511 1312 3571 solum
1344 3504 1641 3569 demonstrationibus
1668 3508 1847 3585 loqueretur,

249 3600 285 3670 87
311 3617 355 3675 sq.
374 3597 537 3655 traduntur.
564 3594 598 3652 ln
613 3593 680 3653 aliis
694 3605 789 3651 tamen
803 3594 849 3651 vel
866 3594 1022 3671 disserunt,
1077 3612 1181 3675 praeter
1202 3617 1292 3657 unum
1310 3596 1430 3655 sortasse
1448 3594 1632 3672 Simplicium
1656 3594 1688 3653 in
1702 3595 1793 3655 Arist.
1811 3596 1850 3655 dc

249 3686 293 3743 sel
309 3685 393 3763 plura
408 3684 548 3764 praebent.
1078 3684 1158 3745 Caelo
1173 3686 1192 3743 s.
1218 3686 1271 3744 τιό
1287 3696 1367 3743 recto
1378 3684 1429 3762 (p.
1453 3690 1523 3757 1297,
1539 3682 1580 3755 A,
1598 3680 1630 3757 8)
1654 3704 1661 3739 :
1675 3680 1772 3741 Ταῦτα
1792 3670 1850 3759 οὗν,

1079 3776 1172 3854 φησίν,
1188 3776 1218 3833 lx
1230 3774 1282 3831 τῶν
1297 3769 1356 3851 περὶ
1371 3768 1543 3850 ἀστρολογίαν
1558 3769 1714 3848 διαιρείσθω.
1730 3768 1783 3829 Kal
1798 3768 1849 3847 γάρ

450 3874 483 3935 V,
506 3873 820 3933 ΑΣΤΡΟΝΟΜΙΚΟΝ,
1077 3865 1150 3935 istri
1161 3860 1222 3939 περὶ
1235 3862 1282 3931 τῆς
1296 3858 1394 3928 τάξεως
1408 3860 1460 3917 τῶν
1472 3856 1651 3934 πλανωμίνων
1664 3854 1711 3915 καὶ
1728 3857 1788 3936 περὶ
1801 3880 1850 3934 με·

1076 3954 1157 4028 γεθῶν
1172 3947 1218 4008 καί
1241 3947 1302 4027 trapi
1326 3944 1522 4022 ἀποστημάτων
1542 3945 1739 4015 ἀποδέδεικται,
1762 3961 1847 4018 quem

287 4049 345 4119 Qui
359 4050 390 4107 in
404 4059 528 4124 utroque
541 4044 639 4104 indice
653 4043 759 4120 legitur
771 4044 874 4103 titulus
888 4042 1023 4123 Ἀστρσνο-
1074 4038 1252 4124 peculiarem
1267 4037 1304 4093 de
1317 4034 1371 4093 hac
1383 4053 1414 4093 re
1429 4032 1536 4091 librum
1551 4030 1589 4089 ab
1610 4031 1674 4109 ipso
1693 4028 1849 4087 Aristotele

249 4136 326 4212 μικδν
340 4138 364 4194 α’
383 4136 486 4213 (Diog.
503 4134 536 4193 l..
556 4135 620 4202 113,
637 4135 729 4191 Anon-
751 4134 822 4210 93),
842 4151 924 4205 eum,
940 4133 965 4191 si
984 4133 1021 4192 de
1077 4125 1272 4202 conscriptum
1288 4123 1450 4201 respexisse
1464 4132 1544 4198 putat
1564 4117 1668 4178 Zeller.
1680 4117 1701 4177 l.
1717 4116 1735 4173 l.
1750 4134 1779 4192 p.
1796 4115 1845 4171 65.

135 4229 139 4237 '
249 4226 377 4299 genuino
397 4222 562 4282 Aristotelis
590 4219 668 4279 libro
698 4220 808 4295 agitur,
828 4217 1022 4299 ’λατρολαγικὸν
1077 4214 1205 4275 Eandem
1233 4211 1308 4270 hanc
1336 4210 1505 4289 opinionem
1529 4206 1653 4286 probant
1685 4203 1790 4273 ldeler,
1814 4202 1846 4263 in

248 4311 433 4371 scribendum
448 4310 550 4378 fuisse,
565 4319 700 4367 constans
716 4308 854 4385 loquendi
868 4327 935 4365 usus
945 4308 1023 4385 apud
1077 4299 1226 4360 Aristotel.
1240 4298 1421 4357 Meteorol.t.
1438 4298 1463 4370 l,
1480 4318 1507 4376 p.
1523 4296 1579 4362 415
1595 4307 1624 4351 et
1635 4291 1753 4366 Prantl,
1768 4295 1847 4347 Aris·

250 4398 454 4479 philosophum
471 4396 574 4474 (semel
590 4407 701 4453 tantum
717 4394 795 4472 quod
817 4394 907 4452 sciam
923 4394 1022 4473 ἄστρα..
1076 4393 1172 4447 ιοτεὶιε
1185 4387 1264 4443 ΒυσΙι
1284 4386 1352 4443 τίθεν
1363 4388 1415 4442 das
1427 4382 1705 4457 Himmolsgebciude,
1715 4376 1845 4456 Leipzig,

249 4490 326 4563 νόμος
339 4486 490 4545 invenitur
504 4483 647 4542 l’mhlem.
659 4480 764 4553 lllllll,
777 4483 808 4554 6,
828 4500 857 4559 p.
874 4490 944 4553 sol,
958 4482 1020 4559 οὔ),
1080 4478 1166 4550 1857,
1176 4496 1207 4553 p.
1221 4475 1286 4533 303.
1298 4474 1367 4533 liem
1380 4491 1473 4551 neque
1482 4462 1585 4548 negare
1598 4486 1691 4545 neque
1702 4466 1848 4525 affirmare

250 4594 337 4654 quem
353 4575 464 4653 optime
485 4570 654 4630 observavit
671 4568 899 4647 Olympiodorus
910 4568 942 4627 in
962 4566 1023 4627 lle-
1076 4568 1180 4624 ausim.
1197 4562 1283 4633 Quod
1296 4582 1368 4621 vero
1381 4559 1417 4620 ad
1434 4560 1551 4619 titulum
1566 4559 1597 4617 in
1610 4554 1760 4615 indicibus
1772 4553 1845 4612 alla·

251 4664 367 4734 reorol„
385 4664 405 4719 f.
430 4662 447 4717 5
469 4678 557 4719 verso
573 4659 608 4738 (t.
625 4658 650 4730 l,
671 4678 702 4735 p.
723 4656 879 4733 1391del.)
897 4678 905 4713 ι
921 4653 957 4716 ‘0
977 4645 1022 4713 cdv
1076 4666 1136 4712 tum
1157 4652 1269 4725 attinet,
1282 4669 1300 4709 a
1311 4670 1369 4728 quo
1381 4647 1547 4709 alienisunt
1558 4664 1632 4724 quos
1646 4642 1724 4721 apud
1735 4639 1847 4700 Arabes

250 4748 429 4832 ’λριστοτόλης
440 4748 488 4818 rh
503 4746 677 4825 ἀστρονομίαν
692 4743 862 4824 ἀστρολογίαν
881 4743 1020 4815 ίκάλασεν,
1077 4742 1196 4818 legimus
1209 4763 1217 4797 ι
1231 4744 1267 4797 de
1279 4742 1405 4797 Siderum
1418 4742 1549 4799 arcanis.
1565 4738 1601 4792 de
1618 4735 1712 4790 Stellio
1730 4734 1848 4789 ίαίιανιεὶ·

250 4839 439 4900 demonstrat.
458 4835 545 4906 Quod
558 4835 645 4893 etiam
659 4834 831 4892 confinnant
851 4850 952 4891 omnes
965 4832 1022 4889 loci
1076 4835 1141 4900 bus,
1155 4832 1239 4887 Mille
1253 4830 1340 4886 uerba
1352 4830 1388 4884 de
1412 4828 1570 4901 Astrologia
1578 4826 1750 4897 judiciaria,
1769 4820 1847 4879 hunc

250 4927 282 4985 in
296 4925 405 5004 quibus
418 4924 594 5003 peculiarem
609 4920 718 4979 librum
733 4920 768 4978 de
779 4918 866 4979 astris
876 4920 1023 4997 respicere
1073 4919 1134 4996 jam
1143 4920 1205 4996 ipse
1218 4916 1299 4975 locus
1312 4933 1371 4992 quo
1385 4925 1551 4973 recensetur
1564 4910 1681 4983 indicat,
1697 4908 1733 4967 ad
1742 4908 1847 4967 collec-

250 5015 369 5074 videtur
384 5013 554 5073 Aristoteles
569 5032 576 5068 :
1077 5006 1185 5064 tionem
1201 5002 1411 5083 problematum
1422 5000 1458 5059 de
1473 5013 1616 5058 astrorum
1625 4995 1846 5057 cursureleren·

291 5102 426 5161 necato
439 5102 479 5178 11,
502 5120 554 5172 10,
581 5120 592 5155 1
620 5095 714 5177 :ssepi
726 5096 752 5155 δέ
767 5098 813 5166 τῆς
826 5091 921 5162 τάξιως
935 5094 1022 5154 οὔτῶν
1078 5089 1353 5153 dumesse.Extali
1371 5100 1465 5147 autem
1481 5087 1738 5159 collectione,nlsi
1757 5086 1846 5143 inter·

254 5193 321 5264 (τῶν
334 5190 436 5273 άστρων
447 5190 541 5268 scih),
554 5188 582 5246 δν
593 5186 640 5264 μίν
654 5184 750 5266 τρόπον
769 5184 877 5243 ἕκαστον
892 5186 1022 5262 κιῖταιτῷ
1079 5185 1168 5259 prelis
1183 5179 1217 5238 ad
1228 5178 1322 5239 libros
1331 5177 1367 5236 de
1379 5176 1455 5235 Caelo
1465 5189 1543 5248 sunt,
1556 5177 1675 5234 ior-tasse
1687 5193 1738 5233 sua
1751 5170 1847 5229 hausit
