4017 5984
757 421 1004 495 QUAESTIONRS
1024 424 1245 487 HOMERICAE.

511 567 549 628 lo
570 560 669 640 (τοῦ).

238 696 371 756 anun.
393 698 427 757 in
453 698 557 776 σιγῶ.
576 723 608 778 μ,
636 701 688 770 62,
711 720 740 779 ο.
763 720 850 774 1⁷12,
872 702 923 775 ⁵⁷,
938 701 976 761 νᾶ
1031 729 1132 811 τηερε,

199 801 303 844 versus
315 796 410 863 poette
428 806 437 843 τ

244 934 283 995 Τῇ
292 933 335 995 μίν
347 930 370 982 τ’
379 932 433 983 otti
444 933 535 989 ποῐητὰ
547 933 689 995 πσρίρχτται
699 934 752 983 ori&
761 936 850 984 πελειαι

247 1002 456 1066 τρόριενις,ταίτ’
467 1000 597 1066 ἀιεόροσίην
610 1004 648 1052 Διί
661 1006 731 1069 πατρί
744 1006 863 1069 φέρουσιν,
908 1001 910 1004 ’
936 998 941 1006 ’

244 1073 303 1123 tila
312 1090 339 1125 τι
349 1075 389 1125 καὶ
399 1080 447 1124 τῶν
457 1075 508 1124 alls
519 1074 649 1138 ἀφαιρεῖται
661 1074 697 1131 λίς
705 1076 779 1139 πέτρη
793 1096 800 1126 τ

197 1203 223 1259 τί
236 1197 381 1261 δίπαλαιοί
393 1198 463 1261 οὕτω
474 1200 509 1260 τὰ
521 1205 567 1260 τοῦ
576 1199 656 1282 λόγου
674 1202 857 1280 θεραπεύουσι.
869 1202 973 1283 Χείρων

196 1290 212 1348 δ
232 1287 419 1371 Ἀμφιπολίτης
438 1288 610 1369 ΙἈλεζιίνδρου
633 1294 680 1351 τοῦ
700 1290 851 1358 Μακεδόνος
871 1291 973 1373 ἐρωτή-

198 1399 308 1455 σαντος,
322 1376 403 1458 φασί,
417 1375 446 1436 τί
459 1376 581 1457 βούλεται
598 1376 672 1457 παρδι
697 1382 736 1462 τῷ
752 1382 850 1458 ποιητῇ
873 1379 904 1439 τδ
923 1378 972 1447 τίς

197 1463 351 1547 πιριστιρδς
373 1466 455 1526 elusis
474 1466 589 1544 κομίζειν
602 1466 750 1547 ἀμόροσίαν
763 1470 803 1549 τῷ
820 1470 866 1529 Διί
884 1468 973 1529 καὶτὸ

197 1553 365 1636 ίφαιρεῖσθαί
377 1578 404 1614 τι
418 1553 500 1622 adad<
515 1553 579 1633 (τδς
598 1552 697 1633 πίτρας
710 1556 799 1617 scrib.
821 1576 885 1616 esse
897 1557 973 1617 vidit

197 1642 319 1725 Rosius)
333 1644 381 1705 aral
393 1629 450 1703 τῶό
459 1644 586 1718 πελτῶν,
601 1640 663 1724 πιρί
685 1646 738 1703 τῶν
759 1644 890 1704 πλειοίδων
905 1633 973 1703 εἶναι

193 1729 239 1790 τδν
260 1731 337 1808 λόγον
351 1730 416 1813 ίφη,
432 1730 463 1798 t<
484 1721 552 1791 εἶναι
567 1728 614 1808 μίν
637 1729 721 1805 imi,
744 1732 881 1814 φαίνεσθαι
902 1731 930 1790 δί
943 1731 972 1801 ἓξ

193 1828 249 1888 τοῖς
263 1820 334 1901 ίκιῖ,
358 1824 407 1893 τῆς
425 1829 487 1897 μιᾶς
509 1818 552 1877 διδ
576 1819 607 1878 τὸ
626 1818 673 1878 καί
694 1821 783 1888 ἄλλως
796 1818 911 1900 σἰμοδρδν
925 1824 970 1882 τοῦ

195 1908 303 1988 δστρίου
330 1906 520 1990 ἀφανιζομένης
547 1907 599 1966 tei
625 1910 677 1965 τῶν
710 1910 825 1988 πετρῶν.
858 1907 909 1975 Ὦς
943 1908 971 1967 δὲ

195 1999 282 2074 ἡμεῖς,
295 1997 373 2078 φησί,
388 1995 534 2056 πελειάδων
547 1994 607 2067 ήτοι
626 1995 759 2055 πλειόδων
779 1996 971 2055 ίπιτιλλουσῶν

196 2084 333 2164 ἂρχόμιδα
349 2083 467 2165 θερίζειν,
484 2082 556 2143 οὕτω
567 2082 614 2143 καί
627 2084 681 2143 θεοί
693 2082 740 2153 την
763 2082 913 2161 ἀμῦροσίαν
925 2106 970 2142 κο-

197 2168 328 2246 μίζνσδαι.
351 2170 537 2251 interpositis
555 2190 592 2229 ex
612 2170 743 2230 Athenaei
758 2171 836 2229 libro
856 2169 897 2229 xl
922 2191 972 2230 ex·

195 2259 303 2337 cerptis
317 2258 359 2318 ita
372 2260 471 2344 pergit
488 2258 656 2319 Eustathius
678 2279 687 2320 ι
714 2258 784 2318 Ἀλλ’
802 2255 871 2317 οὕτω
889 2256 937 2334 μὲν
958 2262 972 2317 ὁ

190 2338 382 2427 Ἀμφιπολίτης
406 2344 521 2428 Χείρων.
547 2346 778 2427 Ἀριστοτίλης
804 2346 849 2421 δί,
875 2346 971 2428 φασίν,

194 2435 375 2515 ιίλληγορικῶς
399 2424 457 2494 ι’ίπι
479 2436 575 2506 δηλοῦν
594 2432 718 2516 Ὅμηρον
733 2434 759 2504 ίξ
774 2434 973 2513 ήκαίυμιοίσιως

193 2522 335 2606 τρέφεσθαι
343 2521 403 2591 τοῦς
416 2522 489 2592 θεοὺς
502 2524 562 2596 ήτοι
572 2523 607 2584 τὰ
618 2524 674 2584 ἄνω
691 2525 813 2601 σώματα,
825 2523 969 2603 ἇιροπόρον

194 2615 259 2690 ζῶον
275 2611 464 2694 παρελαόόντα
479 2606 516 2680 είς
533 2611 640 2681 ίνδειξιν
659 2617 707 2685 τῆς
720 2611 842 2685 τοιαότης
862 2615 969 2694 τροφῆς.

194 2700 236 2761 Tb
250 2701 277 2760 δδ
295 2701 465 2782 ἀφαιρεῖσθαί
477 2726 505 2762 τε
519 2701 571 2761 tei
584 2706 632 2773 τῆς
644 2701 744 2780 πίτρας
760 2703 855 2773 δηλοῦν
867 2699 927 2780 ίφη,
937 2702 972 2767 ῶς

195 2787 272 2860 καὶὴ
292 2790 328 2867 γῆ
341 2787 413 2847 ἕλκει
427 2791 457 2847 ix
470 2791 518 2861 τ’ής
538 2787 659 2861 τοιαύτης
676 2785 884 2864 ἀναθυμιάσεως.
900 2786 973 2849 Ἀλί-

195 2874 302 2957 leupo<
313 2874 339 2933 δ’
353 2877 369 2935 ὁ
391 2873 525 2955 βασιλεῦς,
542 2875 586 2934 διδ
597 2874 628 2934 rb
645 2876 729 2935 δοκεῖν
745 2872 822 2956 φόσιι
844 2875 902 2952 (ita
914 2872 971 2933 llo·

195 2964 258 3025 sius
278 2983 334 3043 pro
350 2962 435 3043 φησί)
455 2959 515 3030 τοῦς
536 2959 609 3029 drale
632 2961 787 3043 φιλοσόφους
808 2962 856 3021 καί
876 2962 972 3033 ἡδονῆς

196 3051 314 3129 μείζσος,
335 3056 470 3112 ἀναθεῖναι
492 3052 538 3111 τὸν
551 3048 664 3123 ποιητήν
680 3049 730 3120 τήν
745 3049 850 3108 ἐκείνων
872 3047 972 3129 τροφὴν

195 3142 234 3220 τῷ
259 3139 441 3227 delusoriam
471 3140 518 3197 καὶ
548 3135 741 3219 τρυφιρωτοίτιμ
766 3133 840 3217 ζῴῳ,
871 3133 914 3216 ὑφ’
942 3124 972 3193 οῦ

196 3226 284 3308 βραχό
295 3251 322 3287 τι
333 3226 366 3287 δν
379 3224 600 3306 παρακομίζοιτο.

234 3318 394 3395 Desumpta
405 3315 469 3375 haec
479 3334 542 3375 esse
553 3326 633 3393 patet
644 3332 703 3371 non
718 3332 753 3371 ex
760 3309 864 3370 eodem
877 3310 971 3389 sonte,

195 3404 273 3464 unde
299 3405 429 3483 reliqna,
448 3404 498 3462 sed
520 3403 620 3482 potius
639 3420 655 3459 e
675 3400 743 3460 ficto
762 3399 888 3477 quodam
909 3397 973 3457 dia·

196 3490 276 3569 logo,
298 3491 351 3570 qui
375 3503 517 3571 presente
536 3490 678 3568 Philippo
698 3489 777 3545 iuter·
796 3486 970 3559 Chironem,

196 3580 383 3640 Aristotelem
411 3578 534 3657 ejusque
566 3577 743 3655 discipulum
772 3573 970 3634 Alexandrum

197 3663 415 3727 instituebatur.
431 3664 497 3726 Non
514 3665 662 3725 absimilia
677 3678 744 3722 sunt
756 3684 821 3741 quae
835 3664 973 3740 leguntur

197 3755 275 3836 apud
296 3756 421 3814 Dionem
435 3754 673 3832 Chrysostomum
685 3753 766 3811 Orat.
787 3751 828 3828 ii,
841 3753 873 3810 in
889 3752 974 3831 cujus

567 3954 606 4000 hil.

250 4067 398 4125 iiumddaaa
407 4076 483 4123 nauus
490 4062 775 4119 roiuaraapreterrotant.
782 4071 857 4117 noune
862 4061 976 4109 olonna

251 4146 362 4201 Timide.
371 4156 425 4202 oua
433 4143 572 4190 ambrosiam
579 4140 630 4187 iovi
640 4140 702 4198 patri
712 4141 802 4194 ierunt.

250 4223 922 4283 suemnutuuuuamompnaumutavupeua.

198 4356 299 4405 Veteres
318 4354 353 4403 ita
369 4350 475 4403 tabulam
492 4349 689 4413 interpretantur.
706 4347 780 4398 (thiro
801 4347 975 4412 Amphipolin,

199 4442 375 4504 interogatus,
384 4442 412 4490 ut
424 4439 545 4499 narrator,
556 4436 588 4486 ab
599 4435 734 4486 auuudro
753 4436 906 4496 Μοοοδοαίο,
916 4434 974 4498 qnid

200 4530 246 4581 sibi
262 4528 319 4580 velit
339 4528 411 4593 poeta
430 4539 506 4590 qnam
525 4524 589 4575 dieat
607 4524 731 4575 uolumbas
751 4524 806 4573 iovi
830 4520 976 4573 ambrosiam

200 4618 274 4683 terre,
286 4619 312 4667 et
325 4614 414 4681 ailquid
431 4614 477 4665 iliis
491 4612 598 4665 minere
608 4613 703 4677 petras,
717 4610 779 4661 dixit
794 4610 826 4661 de
839 4609 977 4662 pleiadibus

201 4706 266 4769 ioqui
278 4708 386 4770 poetam,
399 4716 455 4767 que
464 4715 550 4753 revera
560 4703 652 4766 septem
667 4702 732 4763 suut,
744 4712 786 4751 sex
798 4711 858 4748 vero
866 4697 978 4747 ridentur

201 4804 255 4843 esse
265 4790 362 4855 iiiisqoi
375 4790 409 4840 ihi
418 4790 475 4839 aunt
485 4787 572 4852 (opud
584 4788 711 4838 Planctus
722 4785 801 4846 retii,
810 4795 886 4846 quun
894 4794 977 4831 earum

201 4894 258 4947 una
269 4886 295 4935 et
311 4882 371 4933 alias
382 4880 485 4933 ohssma
497 4882 529 4931 sit
548 4893 562 4929 a
574 4876 680 4942 seopulis
697 4875 838 4926 mitetur.
850 4874 883 4925 ot
895 4874 977 4923 autern

1743 434 1802 495 itt

1032 556 1102 628 line,
1123 570 1277 635 postquam
1300 558 1466 619 alexander
1488 561 1579 621 multa
1599 562 1748 636 disseruit,
1765 565 1805 623 ita

1033 644 1157 722 loquens
1168 645 1367 705 introducitur
1383 647 1540 727 Philippus
1552 668 1561 709 t
1574 650 1615 710 Oi
1627 648 1726 725 μότην,
1737 648 1805 711 ’ait-

1151 732 1211 811 περὶ
1226 733 1325 793 πολλοῦ
1347 734 1490 810 ποιούμεθα
1506 734 1552 795 τὸν
1563 734 1742 815 ’λριστοτίλη
1760 735 1806 797 καί

1032 818 1079 891 τήν
1093 818 1208 901 πατρίδα
1231 824 1302 900 αὐτῷ
1323 820 1545 902 συνεχωρήσαμεν
1564 824 1719 899 ἀνακτίζειν,
1733 825 1805 886 224·-

1028 930 1118 986 γτιραν
1131 913 1178 980 τῆς
1199 906 1337 975 Ὀλυνθίας
1349 900 1439 969 οόσιιν·
1462 908 1548 991 ὁγὰρ
1566 909 1632 990 ἀνήρ
1647 910 1717 982 ditor
1738 913 1801 973 πολ-

1030 996 1084 1055 λῶν
1110 999 1156 1056 καί
1177 995 1300 1075 μεγάλων
1324 996 1440 1078 δωρεῶν,
1461 998 1484 1056 ri
1504 999 1615 1060 τοιαῦταί
1633 1021 1664 1059 σε
1688 999 1805 1061 διδάσκει

1030 1082 1133 1165 περίτι
1151 1087 1237 1164 ἀρχῆς
1255 1082 1301 1143 καί
1323 1084 1474 1160 βασιλείας,
1495 1083 1547 1143 είτι
1560 1082 1685 1167 Ὅμηρον
1699 1085 1805 1165 ίξηγοό·

1030 1193 1114 1247 μενος,
1136 1170 1187 1230 siu
1207 1169 1253 1231 καί
1276 1172 1356 1230 ἄλλον
1369 1171 1476 1251 τρόπον.
1491 1172 1625 1231 Ceterum
1639 1194 1704 1252 quae
1718 1174 1805 1234 habet

1028 1258 1207 1332 Eustathius‚
1225 1259 1413 1319 ePtolemaeo
1438 1261 1642 1339 liepbaestione
1662 1262 1800 1338 fluxisse,

1027 1348 1129 1407 sireis
1145 1349 1209 1427 ipse
1229 1349 1355 1417 finnedi,
1371 1349 1435 1407 sive
1448 1347 1485 1407 ab
1504 1348 1562 1407 alio
1587 1353 1744 1427 acceperit,
1764 1363 1806 1408 re·

1027 1449 1139 1497 alantur
1153 1456 1219 1516 quse
1236 1438 1269 1499 in
1294 1436 1445 1515 liaoerpiis
1462 1456 1479 1495 s
1500 1437 1598 1516 primo
1611 1435 1690 1496 libro
1713 1438 1805 1499 Nora

1026 1524 1092 1601 ejus
1114 1524 1248 1583 historiae
1270 1523 1348 1604 apud
1379 1524 1516 1583 Photium
1541 1523 1621 1585 Bibl.
1653 1525 1718 1583 cod.
1749 1546 1805 1602 τρο

1026 1630 1057 1689 p.
1076 1621 1144 1684 τίη,
1163 1612 1180 1669 3
1201 1612 1289 1672 Beki.
1306 1612 1444 1689 leguntur
1461 1611 1537 1673 ιΔεδ
1549 1611 1576 1669 τί
1593 1611 1734 1685 ὁποιηι-ής
1755 1636 1805 1673 πι-

1025 1696 1132 1765 λιιόδας
1144 1699 1252 1772 ίποίηστ
1272 1704 1319 1773 τῆς
1333 1704 1430 1781 τροφῆς
1447 1702 1500 1759 τῶν
1519 1703 1584 1759 θεῶν
1604 1700 1738 1767 διακόνους
1759 1702 1804 1760 καὶ

1025 1789 1084 1845 τίνα
1098 1787 1261 1869 Ἀλέξανδρος
1275 1792 1289 1847 δ
1304 1787 1425 1869 βασιλεὺς
1447 1789 1493 1848 καί
1514 1787 1562 1868 Ἀρ
1572 1814 1580 1848 ι
1590 1788 1692 1847 στοτί
1697 1792 1758 1861 λης
1769 1790 1805 1856 είς

1024 1880 1101 1935 τοῦτο
1109 1866 1181 1935 είτιον
1188 1876 1236 1935 καί
1248 1875 1308 1957 περὶ
1319 1874 1440 1956 Ὁμήρου
1451 1876 1495 1937 καί
1504 1875 1667 1950 πελειάδωνς
1677 1875 1723 1938 ci.
1732 1877 1804 1935 ller-

1026 1968 1140 2043 elrerus,
1157 1973 1227 2027 uber
1237 1974 1284 2027 die
1298 1971 1554 2047 Glaubwdrdr'gkelt
1564 1972 1618 2025 der
1634 1988 1724 2025 neuen
1743 1972 1802 2026 Ge-

1025 2060 1165 2114 rchichteu
1172 2062 1223 2115 der
1231 2060 1400 2115 Ptolemaeus
1412 2058 1536 2123 cimus,
1545 2056 1578 2115 in
1585 2056 1664 2113 Ιαίνι
1669 2060 1690 2112 ’s
1696 2058 1800 2116 Jahrb.

1031 2144 1244 2224 1855,p.271.

1313 2292 1371 2359 u..
1399 2290 1500 2372 (tou.

1068 2438 1167 2499 Scbol.
1187 2438 1312 2498 Vindob.
1324 2440 1405 2517 apud
1416 2438 1485 2499 lios.
1505 2438 1542 2499 ad
1561 2439 1668 2517 Odyss.
1684 2462 1724 2517 μ,
1743 2446 1798 2501 ια8

1032 2525 1169 2604 (adnue
1180 2527 1279 2599 ήιλίοιο
1295 2526 1365 2607 βόας]
1381 2526 1563 2602 ι’λτόῦλητον
1572 2520 1605 2601 ήν
1618 2534 1672 2595 τοῖς
1683 2526 1805 2607 ἄρχαίοις

1027 2615 1135 2696 ἀρότην.
1146 2620 1208 2693 βοῦν
1224 2614 1343 2675 κτείνιιν.
1360 2614 1485 2695 'Eune-ps
1497 2615 1548 2695 γὰρ
1562 2619 1651 2683 κακῶς
1664 2615 1689 2685 ἐξ
1704 2613 1805 2695 ἀνδρεί-

1025 2726 1083 2762 ιιων
1104 2700 1123 2773 ἢ
1144 2705 1209 2761 θεῶν
1232 2700 1304 2769 ὅστις
1320 2706 1397 2761 τοῦτο
1419 2702 1576 2773 πεποίηκεν.
1604 2700 1693 2781 Ὅπερ
1714 2704 1738 2761 ol
1758 2690 1804 2761 τοῦ

1026 2788 1178 2856 Ὀδυσσέως
1204 2788 1274 2869 φίλοι
1301 2786 1459 2859 ποιήσαντες
1484 2788 1631 2865 Ιιίπόιλοιιτο.
1659 2788 1805 2871 Ἀριστο-

1027 2877 1126 2949 τόλης
1152 2880 1268 2956 φυσικῶς
1295 2874 1382 2957 φησίν·
1410 2875 1482 2953 λίγιι
1506 2875 1557 2955 γὰρ
1583 2876 1630 2942 τδς
1651 2876 1803 2953 τριακοσίας

1027 2963 1069 3023 tls
1098 2961 1191 3043 χρόνον
1216 2960 1318 3044 ήμίρας
1343 2960 1408 3042 πρδς
1439 2969 1496 3029 ταῖς
1522 2965 1634 3029 λοιπαῖς.
1660 2961 1805 3041 Corrupto

1026 3064 1094 3112 sunt
1110 3070 1175 3129 quae
1186 3051 1217 3110 in
1231 3050 1403 3129 Schotep.
1423 3049 1492 3122 Sia,
1508 3058 1524 3119 i
1542 3049 1632 3111 Dind.
1645 3049 1802 3126 leguntur:

1026 3139 1267 3219 Ἀριστοτέλης
1286 3141 1400 3219 φυσικῶς
1421 3136 1494 3219 φησί·
1517 3138 1586 3216 λίγιι
1605 3136 1657 3217 γδιρ
1674 3135 1721 3205 τδς
1745 3142 1804 3197 καθ’

1027 3226 1129 3306 ἡμέρας
1149 3225 1314 3299 πεντήκοντα
1335 3224 1399 3306 πρὸς
1417 3233 1477 3292 ταῖς
1495 3226 1669 3305 τριακοσίαις.
1693 3224 1727 3285 ln
1742 3226 1803 3285 alio

1028 3315 1141 3375 scholio
1155 3314 1242 3395 Q(p.
1260 3316 1329 3387 bia,
1344 3314 1378 3392 8)
1395 3325 1423 3373 et
1436 3313 1526 3375 Vind.
1542 3314 1580 3372 ad
1597 3331 1714 3373 versum
1727 3333 1803 3389 129,

1029 3402 1119 3465 Ἔπτδι
1135 3406 1203 3483 βοῶν
1217 3401 1310 3481 ιἰγίλαι
1335 3425 1342 3460 :
1364 3401 1598 3483 Ἀριστοτέλης
1620 3403 1735 3481 φυσικῶς
1757 3402 1804 3469 τὰς

1028 3488 1098 3550 xoris
1112 3490 1225 3564 σελήνην
1247 3488 1350 3569 ἡμόρας
1364 3488 1441 3548 αιίτδν
1464 3488 1550 3563 λίγιιν
1567 3483 1632 3567 φησί
1645 3486 1684 3545 σι’
1706 3485 1767 3563 (τδις
1781 3486 1805 3545 ν’

1028 3579 1168 3655 vindob.)
1180 3578 1268 3645 οὔσας.
1283 3578 1337 3640 Τὸν
1350 3578 1401 3659 γὰρ
1414 3576 1578 3649 πεντήκοντα
1601 3573 1711 3655 οἰριδμδν
1725 3577 1806 3633 ἑπτα·

1027 3666 1176 3734 πλασιοίσας
1186 3668 1223 3735 τίς
1236 3665 1266 3725 rb
1280 3663 1434 3747 τριακοστὸν
1449 3660 1626 3735 πεντηκοστὸν
1635 3661 1804 3742 περιιστάναι

1029 3755 1160 3835 εὑρήσεις.

1030 3949 1152 4012 damnare
1170 3948 1259 4012 dmoni
1276 3960 1376 4010 tmpore
1389 3941 1581 3995 exhalationibus
1605 3942 1652 4002 aii,
1667 3942 1691 3991 ei
1713 3940 1806 3990 uitale
1842 3934 1844 3937 ’

1030 4035 1170 4087 alimentum
1181 4034 1271 4086 indicet
1281 4033 1368 4085 animai
1384 4030 1476 4083 aerium
1490 4028 1597 4081 adhibet.
1609 4026 1672 4079 Toiii
1685 4040 1744 4077 vero
1761 4026 1805 4077 rii·

1031 4121 1114 4186 quida
1128 4124 1209 4186 petra,
1221 4121 1245 4170 id
1257 4120 1365 4171 ostendit
1381 4122 1470 4169 terram
1483 4130 1579 4181 quoque
1597 4116 1689 4180 partem
1704 4114 1806 4165 istarum

1030 4210 1209 4259 emulationum
1223 4207 1356 4258 adtrahere.
1369 4208 1400 4258 at
1412 4218 1456 4257 rex
1468 4202 1612 4267 Alexander,
1628 4204 1675 4253 ete.

1062 4298 1113 4345 cur
1125 4300 1194 4360 poeta
1215 4296 1283 4346 linxit
1298 4294 1422 4346 columbas
1439 4292 1487 4343 diis
1503 4292 1614 4343 alimenta
1630 4289 1805 4349 ministrantes,

1032 4387 1056 4434 et
1070 4396 1126 4446 quae
1139 4382 1169 4433 de
1179 4382 1225 4432 hae
1239 4396 1266 4432 re
1280 4384 1305 4431 et
1320 4380 1351 4431 de
1367 4382 1473 4431 Homero
1484 4381 1510 4430 et
1526 4379 1557 4429 de
1573 4376 1690 4429 columbis
1704 4375 1806 4427 Alexan-

1031 4472 1075 4521 der
1086 4485 1129 4522 rex
1138 4475 1162 4523 et
1173 4470 1311 4523 aristoteles
1322 4468 1513 4535 disputaverunt.

1400 4630 1438 4676 it.

1063 4780 1136 4831 [τοῖσι
1150 4779 1202 4828 erat
1212 4776 1318 4839 antiquis
1334 4774 1421 4825 boren
1433 4774 1551 4824 aratorem
1562 4768 1638 4821 occidi
1650 4786 1657 4817 ι
1668 4763 1804 4818 rademini

1032 4868 1065 4918 dii
1084 4865 1240 4929 hominesque
1256 4862 1324 4914 ilium
1339 4862 1458 4913 habehant
1475 4860 1612 4925 quieunqoe
1629 4854 1686 4906 talia
1698 4850 1803 4902 iecisset.

201 4985 260 5034 nos,
273 4971 364 5035 lnquit,
376 4983 452 5035 qnam
472 4967 596 5021 Peleiades
609 4965 660 5016 sire
675 4964 784 5014 Pleiades
796 4962 897 5025 surgunt
912 4972 978 5011 nea·
1033 4958 1114 5015 Quare
1124 4953 1217 5017 tliyuis
1227 4952 1287 5004 sosii
1300 4964 1374 5016 quam
1388 4949 1434 5000 boe
1448 4929 1561 4999 ieeisseat
1571 4938 1804 5008 pereuntariatote·

202 5072 254 5110 aem
274 5058 413 5122 ἱασὶρίιυιιι,
426 5057 460 5108 iia
476 5056 510 5107 dii
528 5067 627 5119 quoqne
639 5052 752 5115 eolligunt
762 5048 914 5099 ambrosiam.
929 5046 977 5098 sed
1033 5045 1068 5095 ies
1084 5042 1142 5094 dieii
1160 5042 1298 5093 naturaiiter
1314 5039 1360 5089 boe
1380 5034 1545 5101 explicandum
1565 5042 1620 5082 esse
1637 5048 1645 5079 ι
1666 5024 1725 5079 didi
1738 5024 1803 5076 enim

201 5148 237 5199 ua
249 5146 340 5197 Chiron
350 5144 522 5210 amphipolita.
535 5142 675 5195 aristoteles
691 5152 762 5198 vero,
773 5138 803 5187 ut
815 5137 907 5198 iuuat,
917 5134 978 5184 dixit
1033 5131 1129 5196 triginta
1146 5129 1199 5181 dies
1213 5128 1329 5194 temporis
1345 5126 1541 5191 praeterreteros.

202 5237 336 5287 iiomernrn
351 5234 386 5285 ita
403 5233 528 5297 dispones
540 5228 672 5295 ugniheara
685 5228 743 5279 deos
756 5225 808 5276 aire
820 5237 876 5289 que
886 5223 912 5274 in
924 5223 978 5273 Ιοοο
1059 5218 1195 5271 Notandum
1204 5212 1463 5269 euiristoteiemistos
1469 5219 1552 5273 ςιοςοι
1565 5208 1590 5257 et
1598 5201 1718 5343 prerippe
1730 5198 1803 5253 boon
