4017 5984
853 434 1014 499 SCRIPTA
1035 438 1183 503 LOGlCA.
1762 448 1821 507 tte

209 581 259 639 ηρ.
277 564 348 635 οθι,
366 562 407 635 Α,
425 583 459 636 ¹7
478 563 601 640 Brund.)
618 586 625 620 :
642 562 690 624 Ἐν
705 563 753 641 μὲν
767 576 826 634 ταῖς
841 570 988 636 πολιτικαῖς

207 671 238 707 τε
254 648 299 708 καΙ
311 650 415 722 ἠθικαῖς
426 652 568 731 ἀκροάσεσι
581 652 643 732 περὶ
651 654 702 712 τῶν
715 656 812 726 ἠθικῶν
828 655 892 734 (τὴν
902 680 989 736 πραγ·

209 736 323 814 ματείαν
339 746 454 799 ποιεῖται
468 742 482 797 θ
494 739 659 821 ριλόοορσς),
671 736 741 802 ὥστε
753 740 801 809 τθς
812 744 914 815 άληθῶς
927 744 991 824 πρὸς

210 822 312 906 αἵρεσιν
324 827 370 887 καί
380 829 483 900 άληθῶς
494 826 559 909 πρδς
568 827 653 909 φυγὴν
661 829 841 901 συντεινούσας
851 833 992 913 προτάσεις

212 912 310 983 ἐκλέξαι
321 914 367 972 καὶ
377 917 437 998 περΙ
447 918 499 975 τῶν
510 917 613 989 άληθῶς
621 918 741 996 αἱρετῶν,
755 918 817 979 ludi
826 927 884 987 ταῖς
896 924 993 1000 θεωρη·

209 1010 295 1067 τικαῑς
302 1026 331 1061 τε
338 1001 384 1061 καί
398 1011 520 1084 ρυσικαῖς
528 1002 564 1062 sd
576 1007 611 1070 ῶς
622 1005 726 1077 άληθῶς
735 1009 820 1079 ιἰληθῆ
829 1007 948 1081 ζητήσει,
966 1012 992 1067 ἕν

207 1089 239 1147 δὲ
254 1091 308 1157 τοῖς
323 1089 500 1159 Ἀναλυτικοῖς
510 1091 557 1151 καί
570 1094 596 1149 ἐν
605 1100 658 1156 τοῐτ
669 1093 730 1172 περὶ
741 1096 895 1175 προτάσεων
907 1096 952 1154 καί
965 1098 992 1154 ἐν

209 1183 243 1259 τῇ
254 1183 306 1238 τῶν
321 1182 463 1260 πολλαχῶς
474 1180 622 1261 λεγομένων
631 1182 756 1263 διαιρέσει
772 1183 819 1243 καλ
827 1184 876 1245 ὅσα
883 1191 992 1245 τοιαῦτα

206 1270 262 1326 τῶν
273 1271 377 1341 ἀληθῶς
389 1269 529 1349 χρησίμων
538 1270 586 1340 τὴν
596 1270 708 1349 ἐκλογὴν
723 1271 860 1345 ποιήσεται
872 1276 991 1352 λογικῶς.

206 1358 387 1425 Διαλεκτικῶς
405 1357 434 1418 δὲ
446 1357 512 1439 πρὸς
523 1357 617 1437 δόξαν,
631 1361 667 1427 ῶς
681 1358 707 1417 ἔν
722 1384 750 1419 τε
761 1358 844 1439 ταότη
859 1366 892 1442 τῇ
907 1385 993 1443 πραγ-

141 1448 146 1455 ’
209 1444 307 1525 ματαία
322 1444 368 1504 καί
383 1450 410 1507 ἐν
426 1446 479 1513 τοῖς
493 1450 639 1527 ῥητορικοῖς
653 1447 699 1506 καί
713 1452 740 1509 ἐν
755 1452 809 1515 τοῖς
820 1448 990 1529 ἐξωτερικοῖς.

208 1534 265 1595 Καὶ
279 1533 330 1615 γάρ
347 1536 374 1593 ἐν
389 1533 496 1603 ἐκείνοις
512 1537 625 1595 πλεῖστα
640 1536 686 1595 καὶ
699 1538 822 1615 περὶτῶν
837 1540 934 1608 ἠθικῶν
947 1538 993 1596 καί

208 1624 333 1703 περὶτῶν
346 1626 463 1704 ρυσικῶν
475 1624 583 1694 ἐνδόξως
596 1623 713 1703 λε’γιται.
774 1683 778 1689 ,

249 1713 307 1784 Qui
322 1712 374 1771 bic
387 1712 449 1795 περὶ
462 1715 624 1793 Προτάσεων
640 1727 772 1786 vocatur,
790 1711 865 1772 liber
875 1727 918 1773 est
932 1714 992 1793 περὶ

209 1798 390 1880 Ἐρμηνείας,
405 1821 464 1878 quo
479 1802 598 1860 nomine
613 1802 705 1860 utitur
719 1800 901 1861 Themistius
922 1823 992 1879 quo·

207 1909 268 1967 qne
279 1889 316 1948 de
335 1890 442 1948 Anima
458 1890 509 1948 iol.
534 1901 570 1963 74
587 1909 694 1949 verso:
709 1880 763 1949 Ἦν
783 1890 835 1971 γὰρ
853 1890 899 1948 καὶ
918 1882 992 1959 οὗτος

209 1977 326 2055 ότρόπος
341 1983 385 2037 τοῦ
396 1980 518 2051 δυνατοῦ,
530 1978 619 2058 ῶσπερ
633 1977 737 2059 εἴρηται
746 1981 773 2037 ἐν
786 1988 839 2047 τοῖς
851 1978 910 2057 περὶ
922 1982 992 2059 ΙΙρο-

210 2066 331 2141 τάσεων,
343 2068 373 2126 id
385 2080 429 2127 est
447 2068 484 2126 de
502 2068 659 2147 interpret.
672 2090 697 2129 c.
720 2090 770 2141 ra,
792 2090 856 2127 cum
878 2090 937 2147 quo
950 2072 988 2131 cl.

205 2152 336 2213 ,loannes
348 2154 531 2235 Philopouus
542 2158 572 2214 in
584 2156 700 2233 linalyt.
715 2169 822 2234 poster.
837 2157 856 2219 f.
872 2159 888 2215 3
899 2172 989 2230 recto,

210 2261 240 2318 p.
261 2242 328 2318 195,
345 2242 384 2314 B;
403 2252 452 2317 lo,
469 2258 498 2303 et
514 2246 582 2321 196,
597 2250 631 2315 λ,
647 2245 675 2305 5.
686 2244 764 2315 Quid
775 2264 847 2303 vero
862 2245 925 2316 siti
938 2248 990 2304 τῶν

208 2332 352 2409 πολλαχῶς
366 2332 514 2409 λεγομένων
530 2332 671 2412 διαίρεσις,
687 2332 751 2411 ipse
763 2332 822 2390 alio
836 2328 902 2391 loco
915 2334 990 2393 iudi·

206 2438 275 2479 care
287 2420 404 2479 videtur
421 2422 585 2480 Alexander
599 2422 629 2479 in
650 2420 727 2499 Top.
743 2419 784 2494 ll,
797 2444 827 2493 2,
851 2423 878 2492 3,
893 2444 923 2501 p.
939 2446 988 2497 77,

208 2529 237 2586 p.
254 2510 323 2581 265,
336 2510 371 2580 B,
384 2533 419 2569 ar
440 2531 447 2571 ε
459 2514 548 2577 Τοῦτο
560 2510 606 2569 καί
620 2512 646 2568 ἰν
658 2513 697 2591 τῷ
711 2509 809 2591 πρόιτῳ
818 2510 870 2583 ἤδη
889 2512 991 2593 ρθάσας

160 2666 164 2671 ι
210 2584 282 2655 εἶπεν
292 2597 359 2676 ivri]
370 2598 529 2677 διδασκαλίαΙ
539 2602 593 2656 τῶν
603 2596 692 2673 τόπων
702 2596 746 2665 οῦς
757 2599 824 2677 πρὸς
830 2597 878 2670 τὴν
890 2598 991 2677 εὕρεσιν

208 2688 261 2743 τῶν
276 2687 417 2765 πολλαχῶς
431 2686 581 2766 λεγομένοιν
601 2685 753 2765 παρεδίδου.
775 2686 846 2756 Qua
861 2691 933 2763 quin
956 2689 992 2747 de

210 2775 300 2851 primi
329 2773 401 2833 libri
422 2774 602 2852 'l'opicorum
632 2797 660 2833 ο.
692 2776 726 2833 τῦ
756 2775 835 2834 dicta
858 2778 918 2835 sint
939 2777 992 2835 vix

210 2862 347 2923 dubitare
362 2863 441 2923 licet.
459 2863 559 2921 Possis
572 2877 667 2920 tamen
682 2876 712 2919 et
725 2862 761 2920 de
775 2877 880 2939 quarto
897 2864 991 2924 bleta-

210 2953 541 3031 pbysicorumcogitare,
552 2972 638 3029 quem
648 2952 739 3010 simili
752 2952 838 3030 plane
850 2954 937 3013 modo
949 2967 993 3013 ter

209 3043 343 3118 designat
356 3042 536 3114 Aristoteles,
546 3042 608 3099 sive
619 3042 671 3118 qui
685 3041 717 3099 in
731 3041 865 3099 ordinem
880 3043 992 3119 redegit

209 3133 264 3191 bos
283 3129 390 3207 libros,
400 3128 436 3202 V,
450 3138 480 3201 4,
498 3129 515 3186 5
528 3148 536 3189 ζ
549 3126 672 3207 Φανερθν
684 3129 708 3187 δ’
721 3131 748 3187 ἐν
759 3118 796 3195 οἷς
811 3130 990 3210 διωρισάμεθα

209 3220 271 3300 περὶ
294 3223 341 3278 τοῦ
366 3220 494 3297 ποσαχῶς
515 3216 621 3297 λέγεται
643 3214 768 3295 ἕκαστον,
784 3218 824 3276 ότι
846 3221 990 3299 πολλαχῶς

208 3308 239 3368 τθ
253 3309 290 3369 όν·
308 3307 359 3384 Vl,
380 3329 408 3381 ι,
426 3328 436 3364 ι
457 3306 516 3369 :Ti
532 3305 561 3365 θν
577 3305 683 3385 λέγεται
696 3308 852 3386 πολλαχῶς,
870 3308 990 3391 καθάπερ

209 3396 359 3473 διειλόμεθα
369 3394 496 3477 πρότερον
507 3394 534 3456 ἐν
541 3398 595 3463 τοῖς
608 3394 728 3475 περὶτοῦ
741 3398 878 3475 ποσαχῶς
888 3395 941 3476 ΙΙΙ,
963 3419 989 3470 1,

214 3506 226 3542 ι
245 3485 307 3547 :Tb
320 3483 347 3544 ir
356 3484 398 3543 δτι
411 3482 459 3560 μὲν
474 3480 580 3563 λίγεται
593 3486 750 3563 πολλαχῶς,
764 3487 790 3544 ἐν
807 3486 932 3565 τοῖςπερὶ
946 3492 991 3546 τοῦ

210 3576 336 3654 ποσαχῶς
346 3573 512 3653 διῃρημένοις
524 3571 627 3653 εἴρηται
637 3572 774 3652 πρότερον,
786 3574 838 3651 qui
850 3572 928 3634 libet·
937 3576 991 3635 vix

212 3662 251 3721 ab
261 3682 298 3720 eo
312 3662 446 3721 diversus
459 3662 513 3720 luit
523 3663 576 3739 qui
590 3662 622 3720 in
633 3661 784 3721 indicibus
793 3660 966 3721 inscribitur
980 3683 988 3724 z

213 3748 281 3830 Περὶ
294 3751 346 3807 τῶν
360 3753 485 3827 ποσαχῶς
504 3747 651 3828 λεγομένων
671 3747 690 3819 ἢ
711 3748 780 3807 κατθι
797 3748 937 3829 πρόσθεσιν
962 3750 987 3808 α’

212 3838 318 3914 (Diog.
333 3836 366 3897 L.
387 3838 436 3909 36,
454 3839 550 3896 iinon.
568 3836 632 3915 35).

531 3996 560 4033 2.
577 3975 587 4051 (
599 3971 684 4051 tia.)

255 4116 419 4174 Alexander
433 4114 526 4195 Aphr.
545 4116 578 4174 in
597 4115 688 4173 Arist.
704 4114 811 4193 'l'opic.
828 4113 864 4187 V,
889 4115 919 4186 5,
942 4114 993 4186 13,

214 4226 245 4285 p.
269 4226 326 4283 199
340 4226 347 4262 :
361 4208 458 4266 Κεῖται
470 4203 498 4263 δὲ
517 4202 558 4262 ότι
571 4205 601 4263 τὸ
614 4195 681 4263 εἶναι
696 4203 742 4262 καὶ
763 4202 810 4274 τὴν
821 4201 912 4263 οὐσίαν
926 4201 996 4269 τινὸς

211 4295 321 4368 δηλοῦν,
333 4292 462 4354 οῦκῖδιον·
475 4294 504 4353 σθ
518 4292 569 4374 γθρ
580 4284 613 4366 ἦν
623 4292 687 4351 ἴδιον
697 4292 726 4350 τὸ
740 4300 868 4369 σημαῖνον
879 4291 907 4350 ri
921 4290 948 4348 τί
960 4282 993 4363 ἦν

213 4374 294 4456 εῖναι,
313 4381 359 4441 καὶ
379 4385 405 4441 ἐν
427 4385 460 4461 τῆ
478 4385 531 4441 τῶν
552 4380 749 4462 προῶλημάτων
764 4378 897 4459 Διαιρέσει
919 4378 995 4458 θρικθ

212 4469 310 4552 Ιθρικαί
324 4472 399 4530 male
412 4470 461 4532 ed.
477 4469 560 4548 Ald.)
576 4458 647 4529 einer
664 4460 731 4527 εῖναι
742 4468 776 4527 nd
790 4473 910 4528 τοιαῦτα.

254 4560 351 4639 Major
376 4562 464 4620 etiam
486 4559 630 4618 dubitatio
653 4578 741 4636 quam
763 4558 795 4616 in
819 4556 994 4636 praecedenti

214 4652 378 4726 fragmento
399 4651 505 4722 oritur,
533 4668 622 4726 quum
646 4647 730 4706 lacile
745 4646 809 4705 lteri
828 4646 940 4724 possit,
963 4657 995 4703 ut

1048 572 1121 632 nibil
1138 573 1217 632 aliud
1232 575 1397 651 significare
1411 576 1540 635 voluerit
1554 577 1716 635 Alexander
1734 598 1821 655 quam

1049 661 1180 738 ipsorum
1194 660 1371 741 'l'opirorum
1384 662 1404 719 l.
1423 662 1447 733 l,
1466 664 1494 731 3,
1512 684 1539 721 ι.

1360 812 1508 887 uota)

1089 950 1229 1008 Alexand.
1247 952 1277 1008 in
1291 951 1379 1009 Arist.
1394 950 1516 1028 Topica,
1535 951 1588 1022 ΙΙΙ,
1611 974 1637 1025 ι,
1655 974 1703 1026 ao,
1719 974 1749 1033 p.
1767 958 1822 1013 rati

1049 1058 1079 1116 p.
1097 1048 1166 1111 τρίς,
1184 1042 1220 1109 Α,
1237 1047 1272 1105 la
1288 1038 1426 1118 δισσά),
1443 1037 1503 1099 Ἔτι
1519 1040 1547 1098 τὸ
1561 1039 1665 1097 κάλλιον
1681 1038 1740 1099 καθ’
1759 1041 1822 1101 αὑτὸ

1048 1126 1093 1185 καί
1101 1126 1254 1205 τιμιώτερον
1264 1126 1309 1185 καί
1322 1126 1521 1206 ἐπαινετώτερον
1531 1146 1537 1159 ·
1551 1127 1695 1207 κοινότερον
1705 1130 1756 1197 τοῖς
1764 1130 1822 1187 α’νό-

1050 1237 1131 1288 μασιν
1139 1220 1184 1272 νῦν
1193 1218 1291 1293 χρῆται
1301 1218 1338 1294 τῷ
1352 1238 1381 1273 τε
1395 1215 1513 1273 καλλίονι
1522 1216 1565 1273 καὶ
1576 1216 1723 1297 τιμιωτέρῳ
1732 1217 1775 1275 καί
1785 1222 1822 1296 τῷ

1049 1303 1257 1383 ἐπαινετωτέρῳ.
1270 1302 1316 1361 ’liv
1333 1302 1381 1379 μίν
1395 1303 1446 1381 γθρ
1460 1307 1492 1381 τῇ
1507 1307 1560 1361 τῶν
1576 1308 1679 1379 ἀγαθῶν
1692 1306 1824 1385 Διαιρέσει

1050 1390 1128 1469 τίμια
1152 1390 1199 1467 μίν
1219 1394 1271 1449 τῶν
1292 1393 1398 1469 ἀγαθῶν
1421 1382 1491 1449 εἶπεν
1514 1383 1580 1449 εἶναι
1603 1392 1635 1449 τὰ
1658 1392 1823 1474 ἀρχικώτερα

1051 1479 1279 1559 (ἅρχαιότεραῖλ,
1294 1484 1328 1546 ῶς
1343 1477 1427 1551 θεοός,
1444 1484 1539 1558 γονεῖς,
1558 1480 1737 1553 εὐδαιμονίαν,
1753 1484 1823 1541 κτλθ

1049 1568 1077 1628 δὲ
1092 1570 1138 1628 καί
1152 1569 1276 1627 ἐπαινετὰ
1294 1569 1340 1635 τθις
1359 1569 1452 1648 αἰρετθς
1464 1570 1509 1627 καὶ
1523 1567 1570 1633 τθις
1584 1568 1642 1627 κατ’
1655 1571 1733 1637 alti<
1751 1573 1822 1648 ἐνερ·

1047 1656 1135 1733 γαίας,
1152 1656 1273 1733 δυνάμεις
1287 1656 1314 1715 δὲ
1326 1648 1368 1723 αἷς
1382 1655 1480 1715 ἔνεστιν
1494 1646 1523 1713 el
1537 1657 1581 1715 καί
1592 1661 1679 1725 κακῶς
1693 1664 1823 1737 χρῆσθαι,

1048 1744 1171 1825 ὠρίλιμα
1181 1743 1209 1804 δί
1215 1743 1248 1803 τδι
1256 1744 1353 1803 τούτοιν
1360 1744 1484 1815 ποιητικά
1491 1749 1544 1804 τῶν
1550 1747 1635 1805 αὐτῶν
1645 1747 1730 1812 nolti<
1742 1752 1825 1804 ταῦτα

1047 1837 1229 1893 συντελοῦντα.
1240 1835 1294 1891 Νῦν
1303 1831 1382 1891 δὲκαὶ
1392 1832 1420 1891 τό
1426 1833 1506 1891 καλὸν
1513 1833 1558 1893 καί
1566 1832 1597 1891 τθ
1605 1834 1738 1893 ἐπαινετὸν
1744 1834 1789 1893 καί
1797 1834 1826 1893 τὸ
1882 1892 1885 1897 .

1046 1918 1131 1996 τίμιον
1145 1920 1212 1979 ἔοικε
1225 1922 1271 1979 καὶ
1282 1919 1352 1978 mil
1362 1924 1413 1978 τῶν
1424 1923 1460 1987 ὡς
1472 1920 1607 1997 δυνάμεων
1618 1924 1825 2002 ἀγαθῶνρὲρειν.

1085 2008 1201 2067 Similia
1213 2022 1282 2067 sunt
1296 2007 1398 2083 lingna
1414 2008 1517 2067 llloral.
1537 2008 1561 2081 Ι,
1580 2030 1613 2080 a,
1631 2031 1641 2065 1
1655 2030 1731 2087 seq„
1746 2010 1796 2070 ubi
1815 2036 1824 2069 τ

1046 2096 1086 2156 Tb
1103 2094 1129 2154 δὲ
1144 2094 1230 2170 τίμιον
1245 2094 1357 2173 λέγωτὸ
1373 2100 1503 2169 τοιοῦτον,
1519 2094 1548 2153 τὸ
1562 2101 1640 2174 θεῖον,
1655 2096 1685 2155 τό
1702 2096 1803 2176 βέλτιον
1816 2147 1824 2170 ,

1047 2174 1100 2243 οἷον
1112 2184 1199 2264 ψυχή,
1213 2189 1287 2254 νοῦς,
1299 2183 1329 2241 τὸ
1344 2183 1514 2263 ἀρχαιότερον
1520 2229 1528 2254 ,
1544 2188 1560 2253 ἡ
1572 2184 1696 2263 domuit
1704 2191 1824 2248 τοιαῦτα.

1045 2273 1151 2332 Joann.
1175 2272 1258 2333 Stob.
1282 2271 1357 2346 liet,
1379 2286 1399 2333 t.
1422 2272 1461 2341 ΙΙ,
1488 2293 1517 2351 p.
1552 2273 1608 2329 286
1633 2272 1756 2331 lleeren.
1779 2273 1825 2331 (Il.

1045 2375 1185 2439 praetereo
1201 2360 1294 2421 Ethic.
1311 2360 1426 2420 Nicom.
1444 2365 1469 2432 1,
1489 2381 1533 2419 ιο.

1185 2525 1235 2586 Vl.
1260 2528 1351 2585 nutu
1373 2524 1680 2586 ΑΝΤΙΚΕΙΙΙΕΝΩΝ.

1088 2692 1211 2749 Librum
1221 2686 1485 2770 περλἎντικειράνων
1494 2692 1574 2750 solus
1579 2692 1678 2769 estqui
1686 2691 1827 2768 nominet,

1046 2778 1105 2846 τοὺς
1120 2777 1306 2857 κλεινοτέρους,
1326 2792 1359 2836 ut
1374 2778 1437 2856 ipse
1455 2777 1542 2849 dicit,
1556 2781 1608 2835 τῶν
1628 2778 1761 2855 ἐξηγητῶν
1777 2800 1827 2840 se·

1047 2882 1130 2927 cutus
1150 2866 1319 2944 Simplicius
1326 2888 1335 2942 ;
1354 2864 1390 2922 ab
1409 2884 1445 2927 eo
1471 2867 1593 2924 tortasse
1609 2886 1668 2923 non
1693 2864 1828 2928 diversus

1046 2957 1099 3035 qui
1109 2953 1169 3035 περὶ
1178 2952 1322 3015 Ἐναντίων
1338 2953 1363 3009 α’
1377 2954 1406 3012 ἱιι
1422 2952 1570 3011 indicibus
1588 2954 1709 3011 allertur
1723 2955 1826 3033 (Diog.

1047 3045 1080 3107 b.
1096 3058 1124 3104 et
1145 3048 1200 3103 An.
1216 3044 1282 3120 30),
1303 3043 1343 3101 ita
1359 3054 1392 3099 ut
1412 3054 1440 3099 et
1454 3041 1528 3099 illud
1554 3040 1700 3118 conjicere
1722 3040 1825 3119 liceat,

1046 3132 1121 3192 hanc
1145 3134 1237 3211 ipsam
1268 3130 1348 3188 illam
1371 3126 1504 3206 Ἐκλογὴν
1530 3129 1593 3187 sire
1618 3127 1751 3207 Διαίρεσιν
1774 3132 1827 3187 τῶν

1047 3220 1168 3279 ἐναντίοιν
1195 3220 1284 3279 luisse
1302 3238 1388 3296 quam
1408 3216 1578 3277 Aristoteles
1603 3230 1754 3275 memorat.
1771 3216 1827 3276 Cui

1046 3308 1283 3390 probabilitatem
1292 3306 1437 3384 quandam
1449 3306 1513 3385 ipse
1519 3305 1691 3383 Simplicius
1698 3303 1829 3364 tribuere

1046 3400 1165 3459 videtur
1179 3416 1271 3475 quum
1290 3394 1370 3454 hunc
1383 3392 1495 3453 librum
1509 3394 1597 3453 semel
1613 3392 1690 3471 λόγον
1703 3392 1763 3472 περὶ
1776 3396 1828 3452 τῶν

1046 3483 1255 3556 Ἐναντιοτήτων
1279 3483 1407 3563 appellet
1434 3483 1534 3559 fragm.
1557 3503 1569 3539 1
1594 3482 1656 3557 tin,
1679 3481 1749 3540 licet
1767 3480 1830 3560 ipse

1047 3575 1173 3635 affirmet
1187 3574 1303 3633 titulum
1323 3570 1384 3650 περὶ
1400 3569 1596 3647 Ἀντικειμένων
1617 3569 1654 3627 ab
1671 3568 1831 3627 Aristotele

1047 3664 1220 3742 inscriptum
1238 3663 1326 3721 luisse
1337 3661 1407 3719 ltuie
1418 3659 1507 3718 libro.

1088 3752 1261 3827 Fragmenta
1274 3748 1363 3826 hujus
1378 3747 1450 3806 libri
1466 3747 1652 3825 aSimplicio
1667 3765 1684 3805 e
1698 3746 1824 3807 lambli-

1049 3841 1096 3899 chi
1119 3839 1338 3899 commentariis
1353 3837 1500 3915 exscripta
1515 3847 1610 3897 erant.
1633 3834 1718 3904 Quod
1735 3836 1831 3915 ipsius

1049 3929 1141 3989 verba
1158 3940 1299 3988 testantur
1314 3946 1345 4004 p.
1364 3928 1419 3997 88,
1437 3925 1479 3999 Α,
1505 3933 1562 3992 14:
1581 3925 1827 4001 Συμπληρωθέντος

1050 4017 1078 4077 δὲ
1095 4016 1168 4099 παρθι
1184 4014 1378 4096 Ἀριστοτέλους
1392 4018 1436 4071 τοῦ
1456 4011 1516 4091 περί
1532 4015 1580 4083 τῆς
1596 4014 1648 4069 τῶν
1673 4011 1829 4088 ἀντικειμέ-

1049 4132 1101 4167 νων
1117 4108 1242 4187 διαφορᾶς
1260 4103 1355 4180 λόγου,
1366 4103 1453 4168 καλῶς
1472 4099 1504 4159 ἃν
1519 4100 1577 4180 ἔχοι
1598 4099 1644 4159 καὶ
1656 4098 1690 4158 τθι
1705 4100 1832 4180 Ἀρχύτου

1052 4195 1112 4277 περὶ
1124 4198 1202 4255 αὐτοῦ
1212 4194 1238 4253 ἐν
1255 4192 1361 4273 τῷπερί
1374 4189 1573 4266 Ἀντικιιμένων
1584 4186 1679 4269 βιόλίῳ
1692 4190 1831 4267 ἀρχέτυπα

1052 4290 1106 4345 τῶν
1120 4285 1265 4367 εἰρημένων
1275 4280 1338 4343 ὄντα
1351 4280 1590 4360 παραγεγράφθαι,
1601 4278 1647 4337 καΙ
1660 4276 1778 4353 μάλιστα
1789 4277 1829 4336 ὅτι

1053 4373 1112 4434 οὐδὲ
1133 4377 1147 4433 θ
1170 4374 1236 4439 θεῖος
1258 4370 1413 4449 Ἰάμόλιχος
1436 4367 1489 4427 ἀπὸ
1506 4368 1599 4427 τούτου
1621 4373 1666 4425 τοῦ
1682 4364 1784 4445 βιθλίου
1803 4388 1829 4424 τι

1051 4466 1105 4531 τοῖς
1127 4460 1319 4537 ὑπομνήμασιν
1341 4455 1454 4525 ἐνὲταξε.
1476 4456 1528 4516 liei
1547 4454 1610 4521 ἴσως
1629 4456 1677 4512 οὐκ
1699 4447 1777 4527 ἦλθεν
1793 4456 1829 4518 εἷς

1052 4552 1145 4611 αὐτόν·
1168 4552 1197 4609 οῦ
1212 4549 1263 4630 γάρ
1283 4548 1314 4605 διν
1332 4546 1396 4606 αιἰτδ
1412 4549 1531 4626 παρῆκεν
1546 4548 1559 4603 θ
1573 4543 1604 4603 rb
1617 4546 1664 4601 τοῦ
1678 4539 1829 4621 Ἀριστοτέ-

1052 4646 1112 4710 λους
1125 4640 1186 4721 περί
1200 4635 1397 4714 Ἀντικειμένων
1415 4634 1514 4714 βιθλίον
1530 4632 1746 4713 ἐπισκεψάμενος.

234 4752 1819 4790 -................-...---—----——-—---

514 4835 701 4885 utvtstottus

593 4953 616 4997 2.

248 5053 357 5114 Ponitur,
375 5052 399 5101 id
417 5051 481 5115 quod
499 5062 554 5101 esse
574 5051 599 5099 et
617 5047 718 5109 alicujus
736 5044 893 5095 substantiam
907 5042 996 5092 indicat

216 5140 340 5205 proprium
362 5154 412 5191 ιιοο
424 5154 479 5191 esse
495 5157 502 5188 τ
518 5150 567 5188 non
580 5136 645 5186 euim
665 5137 718 5185 erat
738 5132 860 5221 proprium
876 5131 940 5195 quod
959 5132 996 5181 rei

217 5232 328 5279 naturam
346 5226 460 5289 destord,
473 5229 499 5277 et
518 5225 542 5274 in
562 5220 742 5274 problematum
755 5214 873 5270 divisione
892 5218 947 5269 beo
963 5216 995 5268 id

217 5316 368 5368 ‹teinitiooes
380 5316 498 5380 pertinere
510 5314 580 5367 dixit.

1426 4824 1450 4869 3.

1081 4958 1107 5005 Ιιι
1129 4953 1252 5003 Diuisione
1272 4951 1390 5001 bonorum
1405 4948 1467 4998 dixit
1488 4946 1627 4996 Aristoteles
1645 4942 1737 4991 honore
1756 4938 1826 5005 digna

1050 5052 1104 5091 osse
1117 5050 1171 5103 que
1189 5036 1237 5087 siut
1250 5034 1431 5100 principaliora,
1443 5030 1515 5081 veluti
1527 5032 1601 5087 deos,
1615 5024 1738 5091 ριιουθοι,
1748 5022 1826 5075 beati·

1049 5130 1157 5183 tudinem
1168 5127 1268 5193 ρυΙοΙιιε
1283 5129 1308 5177 et
1319 5122 1454 5186 laudabilia,
1464 5122 1574 5179 riitutes,
1587 5120 1611 5167 el
1624 5114 1730 5167 ιοθσιιοα
1740 5128 1826 5167 aomo·

1051 5219 1109 5268 dum
1132 5217 1210 5281 ipsas,
1226 5214 1354 5278 potumn
1369 5208 1456 5274 quibus
1473 5204 1587 5257 benerei
1604 5203 1668 5253 melo
1689 5202 1724 5255 uti
1743 5201 1824 5262 lineat.

1052 5304 1119 5354 utilia
1130 5314 1189 5353 vero
1203 5312 1257 5364 oure
1271 5298 1326 5349 lieo
1337 5294 1441 5347 mount
1449 5294 1474 5343 et
1485 5290 1514 5340 od
1529 5290 1593 5341 buno
1606 5288 1677 5342 inem
1687 5286 1794 5341 tendant.

1982 5058 1986 5273 l
