<?xml version="1.0" encoding="UTF-8"?>
<!DOCTYPE html PUBLIC "-//W3C//DTD XHTML 1.0 Transitional//EN"
    "http://www.w3.org/TR/xhtml1/DTD/xhtml1-transitional.dtd">
<html xmlns="http://www.w3.org/1999/xhtml" xml:lang="en" lang="en">
 <head>
  <title>
</title>
<meta http-equiv="Content-Type" content="text/html;charset=utf-8" />
  <meta name='ocr-system' content='tesseract 3.04.00' />
  <meta name='ocr-capabilities' content='ocr_page ocr_carea ocr_par ocr_line ocrx_word'/>
</head>
<body>
  <div class='ocr_page' id='page_1' title='image "./fragmentaaristo01heitgoog_0217.png"; bbox 0 0 4017 5984; ppageno 0'>
   <div class='ocr_carea' id='block_1_1' title="bbox 751 403 1120 466">
    <p class='ocr_par' dir='ltr' id='par_1_1' title="bbox 751 403 1120 466">
     <span class='ocr_line' id='line_1_1' title="bbox 751 403 1120 466; baseline -0.003 -2"><span class='ocrx_word' id='word_1_1' title='bbox 751 403 1120 466; x_wconf 76' lang='lat' dir='ltr'><strong>Pfltslourtottonlcrl.</strong></span> 
     </span>
    </p>
   </div>
   <div class='ocr_carea' id='block_1_2' title="bbox 129 535 905 622">
    <p class='ocr_par' dir='ltr' id='par_1_2' title="bbox 129 535 905 622">
     <span class='ocr_line' id='line_1_2' title="bbox 129 535 905 622; baseline -0.015 -17"><span class='ocrx_word' id='word_1_2' title='bbox 129 567 177 617; x_wconf 80' lang='grc' dir='ltr'><strong>σης</strong></span> <span class='ocrx_word' id='word_1_3' title='bbox 191 542 220 602; x_wconf 76' lang='lat' dir='ltr'><strong>dl</strong></span> <span class='ocrx_word' id='word_1_4' title='bbox 230 545 277 614; x_wconf 79' lang='grc' dir='ltr'>τῆς</span> <span class='ocrx_word' id='word_1_5' title='bbox 289 541 440 622; x_wconf 84' lang='grc' dir='ltr'>καθοίρσεως</span> <span class='ocrx_word' id='word_1_6' title='bbox 453 539 498 598; x_wconf 75' lang='grc' dir='ltr'><strong>καὶ</strong></span> <span class='ocrx_word' id='word_1_7' title='bbox 513 542 559 610; x_wconf 75' lang='grc' dir='ltr'>τῆς</span> <span class='ocrx_word' id='word_1_8' title='bbox 572 537 673 616; x_wconf 79' lang='grc' dir='ltr'><strong>μήτρας</strong></span> <span class='ocrx_word' id='word_1_9' title='bbox 692 537 781 614; x_wconf 66' lang='lat' dir='ltr'><strong>dapnis</strong></span> <span class='ocrx_word' id='word_1_10' title='bbox 797 535 905 613; x_wconf 78' lang='grc' dir='ltr'>ίναίμου</span> 
     </span>
    </p>
   </div>
   <div class='ocr_carea' id='block_1_3' title="bbox 129 622 906 1061">
    <p class='ocr_par' dir='ltr' id='par_1_3' title="bbox 129 622 906 1061">
     <span class='ocr_line' id='line_1_3' title="bbox 130 622 904 709; baseline -0.013 -17"><span class='ocrx_word' id='word_1_11' title='bbox 130 657 157 692; x_wconf 86' lang='grc' dir='ltr'><strong>τε</strong></span> <span class='ocrx_word' id='word_1_12' title='bbox 171 631 249 706; x_wconf 81' lang='grc' dir='ltr'>οὔσης</span> <span class='ocrx_word' id='word_1_13' title='bbox 269 629 315 689; x_wconf 78' lang='grc' dir='ltr'><strong>καί</strong></span> <span class='ocrx_word' id='word_1_14' title='bbox 329 629 481 709; x_wconf 83' lang='grc' dir='ltr'>διαθίρμου,</span> <span class='ocrx_word' id='word_1_15' title='bbox 493 627 539 686; x_wconf 84' lang='grc' dir='ltr'><strong>καὶ</strong></span> <span class='ocrx_word' id='word_1_16' title='bbox 549 625 593 688; x_wconf 74' lang='grc' dir='ltr'><strong>διὰ</strong></span> <span class='ocrx_word' id='word_1_17' title='bbox 606 630 691 685; x_wconf 79' lang='grc' dir='ltr'>ταῦτα</span> <span class='ocrx_word' id='word_1_18' title='bbox 703 622 824 704; x_wconf 78' lang='grc' dir='ltr'>ὀργώσης</span> <span class='ocrx_word' id='word_1_19' title='bbox 836 622 904 706; x_wconf 76' lang='grc' dir='ltr'>πρὸς</span> 
     </span>
     <span class='ocr_line' id='line_1_4' title="bbox 129 707 905 802; baseline -0.01 -21"><span class='ocrx_word' id='word_1_20' title='bbox 129 721 178 795; x_wconf 87' lang='grc' dir='ltr'>τὴν</span> <span class='ocrx_word' id='word_1_21' title='bbox 201 717 355 802; x_wconf 74' lang='grc' dir='ltr'>παραδοχὴν</span> <span class='ocrx_word' id='word_1_22' title='bbox 366 723 411 779; x_wconf 76' lang='grc' dir='ltr'>τοῦ</span> <span class='ocrx_word' id='word_1_23' title='bbox 427 716 589 797; x_wconf 79' lang='grc' dir='ltr'>σπέρματος,</span> <span class='ocrx_word' id='word_1_24' title='bbox 613 707 703 798; x_wconf 84' lang='grc' dir='ltr'>καιρθς</span> <span class='ocrx_word' id='word_1_25' title='bbox 722 713 819 796; x_wconf 71' lang='grc' dir='ltr'>εὐφυὴς</span> <span class='ocrx_word' id='word_1_26' title='bbox 839 711 905 792; x_wconf 75' lang='grc' dir='ltr'>πρὸς</span> 
     </span>
     <span class='ocr_line' id='line_1_5' title="bbox 129 813 906 978; baseline -0.015 -18"><span class='ocrx_word' id='word_1_27' title='bbox 129 813 500 978; x_wconf 56' lang='grc' dir='ltr'><strong>συλίίίείίνρίειιἰιιιοοῐιθειιει</strong></span> <span class='ocrx_word' id='word_1_28' title='bbox 513 894 652 953; x_wconf 83' lang='lat' dir='ltr'><strong>videntur</strong></span> <span class='ocrx_word' id='word_1_29' title='bbox 668 912 704 952; x_wconf 84' lang='lat' dir='ltr'><strong>cx</strong></span> <span class='ocrx_word' id='word_1_30' title='bbox 719 893 793 953; x_wconf 85' lang='lat' dir='ltr'><strong>ttist.</strong></span> <span class='ocrx_word' id='word_1_31' title='bbox 806 891 906 949; x_wconf 77' lang='lat' dir='ltr'><strong>noim.</strong></span> 
     </span>
     <span class='ocr_line' id='line_1_6' title="bbox 130 977 906 1061; baseline -0.014 -15"><span class='ocrx_word' id='word_1_32' title='bbox 130 990 226 1061; x_wconf 68' lang='lat' dir='ltr'><strong>vita</strong></span> <span class='ocrx_word' id='word_1_33' title='bbox 251 1000 310 1046; x_wconf 91' lang='lat' dir='ltr'><strong>ete</strong></span> <span class='ocrx_word' id='word_1_34' title='bbox 334 983 421 1044; x_wconf 90' lang='lat' dir='ltr'><strong>libris</strong></span> <span class='ocrx_word' id='word_1_35' title='bbox 437 985 473 1042; x_wconf 91' lang='lat' dir='ltr'><strong>de</strong></span> <span class='ocrx_word' id='word_1_36' title='bbox 494 981 602 1041; x_wconf 80' lang='lat' dir='ltr'><strong>Gener.</strong></span> <span class='ocrx_word' id='word_1_37' title='bbox 631 982 727 1040; x_wconf 76' lang='lat' dir='ltr'><strong>Anim.</strong></span> <span class='ocrx_word' id='word_1_38' title='bbox 748 984 773 1053; x_wconf 88' lang='grc' dir='ltr'><strong>Ι,</strong></span> <span class='ocrx_word' id='word_1_39' title='bbox 793 1000 839 1055; x_wconf 91' lang='lat'><strong>19.</strong></span> <span class='ocrx_word' id='word_1_40' title='bbox 863 977 906 1036; x_wconf 84' lang='lat' dir='ltr'><strong>ct.</strong></span> 
     </span>
    </p>
   </div>
   <div class='ocr_carea' id='block_1_4' title="bbox 22 1071 591 1150">
    <p class='ocr_par' dir='ltr' id='par_1_4' title="bbox 22 1071 591 1150">
     <span class='ocr_line' id='line_1_7' title="bbox 22 1071 591 1150; baseline -0.014 -12"><span class='ocrx_word' id='word_1_41' title='bbox 22 1131 23 1138; x_wconf 72' lang='grc'><strong>,</strong></span> <span class='ocrx_word' id='word_1_42' title='bbox 131 1075 282 1137; x_wconf 81' lang='lat' dir='ltr'><strong>Plutarch.</strong></span> <span class='ocrx_word' id='word_1_43' title='bbox 297 1073 397 1132; x_wconf 88' lang='lat' dir='ltr'><strong>Placit.</strong></span> <span class='ocrx_word' id='word_1_44' title='bbox 419 1073 493 1150; x_wconf 91' lang='lat' dir='ltr'><strong>phil.</strong></span> <span class='ocrx_word' id='word_1_45' title='bbox 510 1071 544 1143; x_wconf 85' lang='lat' dir='ltr'><strong>V,</strong></span> <span class='ocrx_word' id='word_1_46' title='bbox 562 1073 591 1130; x_wconf 88' lang='lat'><strong>6.</strong></span> 
     </span>
    </p>
   </div>
   <div class='ocr_carea' id='block_1_5' title="bbox 457 1233 591 1310">
    <p class='ocr_par' dir='ltr' id='par_1_5' title="bbox 457 1233 591 1310">
     <span class='ocr_line' id='line_1_8' title="bbox 457 1233 591 1310; baseline 0.06 -8"><span class='ocrx_word' id='word_1_47' title='bbox 457 1243 473 1302; x_wconf 86' lang='lat' dir='ltr'><strong>t</strong></span> <span class='ocrx_word' id='word_1_48' title='bbox 498 1233 591 1310; x_wconf 78' lang='lat'>(309)-</span> 
     </span>
    </p>
   </div>
   <div class='ocr_carea' id='block_1_6' title="bbox 132 1371 908 1547">
    <p class='ocr_par' dir='ltr' id='par_1_6' title="bbox 132 1371 908 1547">
     <span class='ocr_line' id='line_1_9' title="bbox 172 1371 903 1454; baseline -0.014 -14"><span class='ocrx_word' id='word_1_49' title='bbox 172 1379 336 1452; x_wconf 85' lang='lat' dir='ltr'><strong>Oribasius,</strong></span> <span class='ocrx_word' id='word_1_50' title='bbox 348 1378 367 1435; x_wconf 92' lang='lat' dir='ltr'><strong>l.</strong></span> <span class='ocrx_word' id='word_1_51' title='bbox 382 1377 404 1450; x_wconf 94' lang='lat' dir='ltr'><strong>l,</strong></span> <span class='ocrx_word' id='word_1_52' title='bbox 414 1379 455 1434; x_wconf 86' lang='lat' dir='ltr'><strong>ita</strong></span> <span class='ocrx_word' id='word_1_53' title='bbox 468 1375 565 1454; x_wconf 87' lang='lat' dir='ltr'><strong>pergit</strong></span> <span class='ocrx_word' id='word_1_54' title='bbox 579 1395 586 1430; x_wconf 79' lang='grc' dir='ltr'>ι</span> <span class='ocrx_word' id='word_1_55' title='bbox 601 1373 705 1433; x_wconf 78' lang='grc' dir='ltr'>Γίνεται</span> <span class='ocrx_word' id='word_1_56' title='bbox 718 1371 747 1430; x_wconf 81' lang='grc' dir='ltr'><strong>δι’</strong></span> <span class='ocrx_word' id='word_1_57' title='bbox 760 1394 827 1430; x_wconf 88' lang='grc' dir='ltr'>τισιν</span> <span class='ocrx_word' id='word_1_58' title='bbox 844 1373 903 1430; x_wconf 78' lang='lat' dir='ltr'><strong>irrr-</strong></span> 
     </span>
     <span class='ocr_line' id='line_1_10' title="bbox 132 1452 908 1547; baseline -0.017 -20"><span class='ocrx_word' id='word_1_59' title='bbox 132 1469 263 1547; x_wconf 81' lang='grc' dir='ltr'>σύλληψις</span> <span class='ocrx_word' id='word_1_60' title='bbox 286 1463 332 1524; x_wconf 79' lang='grc' dir='ltr'><strong>καὶ</strong></span> <span class='ocrx_word' id='word_1_61' title='bbox 353 1461 499 1536; x_wconf 80' lang='grc' dir='ltr'>ἐπικώησις,</span> <span class='ocrx_word' id='word_1_62' title='bbox 514 1452 556 1529; x_wconf 79' lang='grc' dir='ltr'><strong>οἷς</strong></span> <span class='ocrx_word' id='word_1_63' title='bbox 570 1460 639 1519; x_wconf 70' lang='grc' dir='ltr'>ἐστὶν</span> <span class='ocrx_word' id='word_1_64' title='bbox 664 1458 774 1525; x_wconf 81' lang='grc' dir='ltr'>ίλκωσίς</span> <span class='ocrx_word' id='word_1_65' title='bbox 798 1481 828 1517; x_wconf 86' lang='grc' dir='ltr'><strong>τε</strong></span> <span class='ocrx_word' id='word_1_66' title='bbox 848 1457 908 1536; x_wconf 81' lang='grc' dir='ltr'>περί</span> 
     </span>
    </p>
   </div>
   <div class='ocr_carea' id='block_1_7' title="bbox 132 1537 910 1635">
    <p class='ocr_par' dir='ltr' id='par_1_7' title="bbox 132 1537 910 1635">
     <span class='ocr_line' id='line_1_11' title="bbox 132 1537 910 1635; baseline -0.013 -22"><span class='ocrx_word' id='word_1_67' title='bbox 132 1557 182 1629; x_wconf 73' lang='grc' dir='ltr'>τὴν</span> <span class='ocrx_word' id='word_1_68' title='bbox 198 1555 299 1635; x_wconf 75' lang='grc' dir='ltr'>μήτραν</span> <span class='ocrx_word' id='word_1_69' title='bbox 314 1552 360 1613; x_wconf 78' lang='grc' dir='ltr'><strong>καὶ</strong></span> <span class='ocrx_word' id='word_1_70' title='bbox 379 1550 461 1633; x_wconf 74' lang='grc' dir='ltr'>τροφὴ</span> <span class='ocrx_word' id='word_1_71' title='bbox 477 1549 564 1620; x_wconf 67' lang='grc' dir='ltr'>ἱκανή.</span> <span class='ocrx_word' id='word_1_72' title='bbox 576 1549 640 1610; x_wconf 84' lang='grc' dir='ltr'>Τισὶ</span> <span class='ocrx_word' id='word_1_73' title='bbox 656 1547 703 1623; x_wconf 81' lang='grc' dir='ltr'>μὲν</span> <span class='ocrx_word' id='word_1_74' title='bbox 719 1537 763 1606; x_wconf 79' lang='grc' dir='ltr'><strong>οθν</strong></span> <span class='ocrx_word' id='word_1_75' title='bbox 788 1547 840 1604; x_wconf 63' lang='lat' dir='ltr'><strong>tet</strong></span> <span class='ocrx_word' id='word_1_76' title='bbox 863 1549 910 1616; x_wconf 78' lang='grc' dir='ltr'>τῆς</span> 
     </span>
    </p>
   </div>
   <div class='ocr_carea' id='block_1_8' title="bbox 22 1635 910 1726">
    <p class='ocr_par' dir='ltr' id='par_1_8' title="bbox 22 1635 910 1726">
     <span class='ocr_line' id='line_1_12' title="bbox 22 1635 910 1726; baseline -0.012 -22"><span class='ocrx_word' id='word_1_77' title='bbox 22 1651 23 1726; x_wconf 55' lang='lat' dir='ltr'><strong>J</strong></span> <span class='ocrx_word' id='word_1_78' title='bbox 135 1645 244 1724; x_wconf 83' lang='grc' dir='ltr'>πρώτης</span> <span class='ocrx_word' id='word_1_79' title='bbox 266 1641 419 1722; x_wconf 84' lang='grc' dir='ltr'>συλλήψεως</span> <span class='ocrx_word' id='word_1_80' title='bbox 441 1641 479 1700; x_wconf 77' lang='grc' dir='ltr'>ἔτι</span> <span class='ocrx_word' id='word_1_81' title='bbox 501 1637 629 1715; x_wconf 79' lang='grc' dir='ltr'>μενούσης</span> <span class='ocrx_word' id='word_1_82' title='bbox 657 1636 700 1696; x_wconf 72' lang='grc' dir='ltr'><strong>ἐπί</strong></span> <span class='ocrx_word' id='word_1_83' title='bbox 718 1657 791 1701; x_wconf 84' lang='grc' dir='ltr'>τινας</span> <span class='ocrx_word' id='word_1_84' title='bbox 803 1635 910 1714; x_wconf 81' lang='grc' dir='ltr'>χρόνους</span> 
     </span>
    </p>
   </div>
   <div class='ocr_carea' id='block_1_9' title="bbox 133 1721 910 1805">
    <p class='ocr_par' dir='ltr' id='par_1_9' title="bbox 133 1721 910 1805">
     <span class='ocr_line' id='line_1_13' title="bbox 133 1721 910 1805; baseline -0.017 -12"><span class='ocrx_word' id='word_1_85' title='bbox 133 1740 181 1805; x_wconf 80' lang='grc' dir='ltr'>τῆς</span> <span class='ocrx_word' id='word_1_86' title='bbox 194 1729 328 1798; x_wconf 76' lang='grc' dir='ltr'>ίλαώσεως</span> <span class='ocrx_word' id='word_1_87' title='bbox 343 1727 451 1805; x_wconf 75' lang='grc' dir='ltr'>ὕστερον</span> <span class='ocrx_word' id='word_1_88' title='bbox 467 1723 739 1800; x_wconf 73' lang='grc' dir='ltr'>ἐπισυλλαμὸώνουοι,</span> <span class='ocrx_word' id='word_1_89' title='bbox 751 1722 805 1781; x_wconf 80' lang='grc' dir='ltr'>τισὶ</span> <span class='ocrx_word' id='word_1_90' title='bbox 821 1721 849 1782; x_wconf 75' lang='lat' dir='ltr'><strong>dl</strong></span> <span class='ocrx_word' id='word_1_91' title='bbox 864 1723 910 1792; x_wconf 82' lang='grc' dir='ltr'><strong>καί</strong></span> 
     </span>
    </p>
   </div>
   <div class='ocr_carea' id='block_1_10' title="bbox 22 1809 909 1898">
    <p class='ocr_par' dir='ltr' id='par_1_10' title="bbox 22 1809 909 1898">
     <span class='ocr_line' id='line_1_14' title="bbox 22 1809 909 1898; baseline -0.02 -14"><span class='ocrx_word' id='word_1_92' title='bbox 22 1843 23 1848; x_wconf 77' lang='grc'>’</span> <span class='ocrx_word' id='word_1_93' title='bbox 137 1821 208 1898; x_wconf 71' lang='lat' dir='ltr'><strong>peri</strong></span> <span class='ocrx_word' id='word_1_94' title='bbox 232 1823 334 1891; x_wconf 75' lang='lat' dir='ltr'><strong>rebrat,</strong></span> <span class='ocrx_word' id='word_1_95' title='bbox 359 1813 532 1892; x_wconf 78' lang='grc' dir='ltr'>καταμηνίων</span> <span class='ocrx_word' id='word_1_96' title='bbox 547 1811 733 1893; x_wconf 71' lang='grc' dir='ltr'>ἐπιφανέντων,</span> <span class='ocrx_word' id='word_1_97' title='bbox 753 1810 823 1869; x_wconf 76' lang='grc' dir='ltr'>κατὰ</span> <span class='ocrx_word' id='word_1_98' title='bbox 841 1809 909 1868; x_wconf 76' lang='grc' dir='ltr'>ἄλλα</span> 
     </span>
    </p>
   </div>
   <div class='ocr_carea' id='block_1_11' title="bbox 133 1897 911 2251">
    <p class='ocr_par' dir='ltr' id='par_1_11' title="bbox 135 1897 910 2077">
     <span class='ocr_line' id='line_1_15' title="bbox 135 1897 910 1990; baseline -0.017 -19"><span class='ocrx_word' id='word_1_99' title='bbox 135 1913 206 1990; x_wconf 78' lang='grc' dir='ltr'>μέρη</span> <span class='ocrx_word' id='word_1_100' title='bbox 218 1911 264 1979; x_wconf 83' lang='grc' dir='ltr'>τῆς</span> <span class='ocrx_word' id='word_1_101' title='bbox 272 1907 394 1985; x_wconf 71' lang='grc' dir='ltr'>ὑστέρας.</span> <span class='ocrx_word' id='word_1_102' title='bbox 408 1904 457 1964; x_wconf 79' lang='grc' dir='ltr'><strong>Διὸ</strong></span> <span class='ocrx_word' id='word_1_103' title='bbox 471 1901 516 1960; x_wconf 84' lang='grc' dir='ltr'><strong>καί</strong></span> <span class='ocrx_word' id='word_1_104' title='bbox 530 1924 596 1968; x_wconf 86' lang='grc' dir='ltr'>τινες</span> <span class='ocrx_word' id='word_1_105' title='bbox 611 1899 679 1978; x_wconf 69' lang='grc' dir='ltr'>μετὰ</span> <span class='ocrx_word' id='word_1_106' title='bbox 690 1901 788 1976; x_wconf 77' lang='grc' dir='ltr'>ὀλίγον,</span> <span class='ocrx_word' id='word_1_107' title='bbox 807 1897 873 1966; x_wconf 80' lang='grc' dir='ltr'>τινίς</span> <span class='ocrx_word' id='word_1_108' title='bbox 882 1901 910 1958; x_wconf 76' lang='lat' dir='ltr'><strong>di</strong></span> 
     </span>
     <span class='ocr_line' id='line_1_16' title="bbox 136 1987 907 2077; baseline -0.014 -20"><span class='ocrx_word' id='word_1_109' title='bbox 136 1996 207 2077; x_wconf 75' lang='grc' dir='ltr'>μετὰ</span> <span class='ocrx_word' id='word_1_110' title='bbox 224 1993 333 2054; x_wconf 84' lang='grc' dir='ltr'>πλείονα</span> <span class='ocrx_word' id='word_1_111' title='bbox 347 1991 440 2073; x_wconf 83' lang='grc' dir='ltr'>χρόνον</span> <span class='ocrx_word' id='word_1_112' title='bbox 453 1993 491 2071; x_wconf 77' lang='grc' dir='ltr'>τῷ</span> <span class='ocrx_word' id='word_1_113' title='bbox 505 1989 602 2071; x_wconf 81' lang='grc' dir='ltr'>πρώτῳ</span> <span class='ocrx_word' id='word_1_114' title='bbox 616 1989 703 2070; x_wconf 70' lang='grc' dir='ltr'>ἕτερον</span> <span class='ocrx_word' id='word_1_115' title='bbox 719 1987 907 2048; x_wconf 79' lang='grc' dir='ltr'>ίπιτίκτουσιν.</span> 
     </span>
    </p>

    <p class='ocr_par' dir='ltr' id='par_1_12' title="bbox 133 2072 911 2251">
     <span class='ocr_line' id='line_1_17' title="bbox 175 2072 911 2156; baseline -0.02 -11"><span class='ocrx_word' id='word_1_116' title='bbox 175 2085 236 2145; x_wconf 83' lang='grc' dir='ltr'><strong>Τῶν</strong></span> <span class='ocrx_word' id='word_1_117' title='bbox 245 2083 273 2143; x_wconf 73' lang='lat' dir='ltr'><strong>dl</strong></span> <span class='ocrx_word' id='word_1_118' title='bbox 281 2077 476 2156; x_wconf 79' lang='grc' dir='ltr'>ἓπικυουμίνων</span> <span class='ocrx_word' id='word_1_119' title='bbox 486 2075 520 2136; x_wconf 75' lang='lat' dir='ltr'><strong>sd</strong></span> <span class='ocrx_word' id='word_1_120' title='bbox 531 2077 580 2155; x_wconf 91' lang='grc' dir='ltr'>μίν</span> <span class='ocrx_word' id='word_1_121' title='bbox 592 2080 662 2136; x_wconf 76' lang='grc' dir='ltr'>ἐστιν</span> <span class='ocrx_word' id='word_1_122' title='bbox 672 2077 753 2146; x_wconf 74' lang='grc' dir='ltr'>ἀτελῆ</span> <span class='ocrx_word' id='word_1_123' title='bbox 763 2075 808 2134; x_wconf 81' lang='grc' dir='ltr'><strong>καὶ</strong></span> <span class='ocrx_word' id='word_1_124' title='bbox 818 2072 911 2152; x_wconf 75' lang='grc' dir='ltr'>ἃδιοίρ·</span> 
     </span>
     <span class='ocr_line' id='line_1_18' title="bbox 133 2161 911 2251; baseline -0.015 -19"><span class='ocrx_word' id='word_1_125' title='bbox 133 2179 225 2251; x_wconf 88' lang='grc' dir='ltr'>θρωτα</span> <span class='ocrx_word' id='word_1_126' title='bbox 253 2169 299 2228; x_wconf 83' lang='grc' dir='ltr'><strong>καί</strong></span> <span class='ocrx_word' id='word_1_127' title='bbox 324 2167 477 2247; x_wconf 68' lang='grc' dir='ltr'>σαρκοειδῆ,</span> <span class='ocrx_word' id='word_1_128' title='bbox 493 2165 528 2225; x_wconf 77' lang='lat' dir='ltr'><strong>td</strong></span> <span class='ocrx_word' id='word_1_129' title='bbox 551 2163 578 2224; x_wconf 79' lang='lat' dir='ltr'><strong>dl</strong></span> <span class='ocrx_word' id='word_1_130' title='bbox 606 2163 787 2244; x_wconf 70' lang='grc' dir='ltr'>διηρθρωμένα</span> <span class='ocrx_word' id='word_1_131' title='bbox 805 2161 852 2238; x_wconf 84' lang='grc' dir='ltr'>μίν</span> <span class='ocrx_word' id='word_1_132' title='bbox 877 2166 911 2220; x_wconf 80' lang='grc' dir='ltr'><strong>θ-</strong></span> 
     </span>
    </p>
   </div>
   <div class='ocr_carea' id='block_1_12' title="bbox 134 2248 911 2428">
    <p class='ocr_par' dir='ltr' id='par_1_13' title="bbox 134 2248 911 2428">
     <span class='ocr_line' id='line_1_19' title="bbox 134 2248 911 2334; baseline -0.018 -13"><span class='ocrx_word' id='word_1_133' title='bbox 134 2264 217 2332; x_wconf 82' lang='grc' dir='ltr'>σθενῆ</span> <span class='ocrx_word' id='word_1_134' title='bbox 231 2257 274 2317; x_wconf 87' lang='grc' dir='ltr'><strong>δί·</strong></span> <span class='ocrx_word' id='word_1_135' title='bbox 290 2255 351 2316; x_wconf 83' lang='grc' dir='ltr'>τινίι</span> <span class='ocrx_word' id='word_1_136' title='bbox 363 2255 390 2315; x_wconf 76' lang='lat' dir='ltr'><strong>dl</strong></span> <span class='ocrx_word' id='word_1_137' title='bbox 406 2257 491 2314; x_wconf 78' lang='grc' dir='ltr'>αὐτῶν</span> <span class='ocrx_word' id='word_1_138' title='bbox 506 2253 662 2334; x_wconf 51' lang='grc' dir='ltr'>ἰσχυρότερα</span> <span class='ocrx_word' id='word_1_139' title='bbox 675 2251 775 2330; x_wconf 84' lang='grc' dir='ltr'>γίνεται</span> <span class='ocrx_word' id='word_1_140' title='bbox 789 2251 841 2308; x_wconf 80' lang='grc' dir='ltr'>τῶν</span> <span class='ocrx_word' id='word_1_141' title='bbox 859 2248 911 2326; x_wconf 77' lang='lat' dir='ltr'><strong>tp-</strong></span> 
     </span>
     <span class='ocr_line' id='line_1_20' title="bbox 134 2338 909 2428; baseline -0.01 -23"><span class='ocrx_word' id='word_1_142' title='bbox 134 2345 322 2428; x_wconf 77' lang='lat' dir='ltr'><strong>rrpoctrs.&#39;Cl.</strong></span> <span class='ocrx_word' id='word_1_143' title='bbox 345 2345 437 2402; x_wconf 75' lang='lat' dir='ltr'><strong>Arist.</strong></span> <span class='ocrx_word' id='word_1_144' title='bbox 453 2342 490 2401; x_wconf 93' lang='lat' dir='ltr'><strong>de</strong></span> <span class='ocrx_word' id='word_1_145' title='bbox 507 2341 616 2400; x_wconf 81' lang='lat' dir='ltr'><strong>Gener.</strong></span> <span class='ocrx_word' id='word_1_146' title='bbox 637 2341 694 2400; x_wconf 78' lang='lat' dir='ltr'><strong>An.</strong></span> <span class='ocrx_word' id='word_1_147' title='bbox 716 2338 764 2408; x_wconf 85' lang='lat' dir='ltr'><strong>tv,</strong></span> <span class='ocrx_word' id='word_1_148' title='bbox 783 2339 810 2400; x_wconf 86' lang='lat'><strong>5.</strong></span> <span class='ocrx_word' id='word_1_149' title='bbox 837 2338 909 2397; x_wconf 88' lang='lat' dir='ltr'><strong>liist.</strong></span> 
     </span>
    </p>
   </div>
   <div class='ocr_carea' id='block_1_13' title="bbox 134 2430 590 2635">
    <p class='ocr_par' dir='ltr' id='par_1_14' title="bbox 134 2430 590 2635">
     <span class='ocr_line' id='line_1_21' title="bbox 134 2430 322 2504; baseline 0.011 -14"><span class='ocrx_word' id='word_1_150' title='bbox 134 2435 193 2494; x_wconf 73' lang='lat' dir='ltr'><strong>An.</strong></span> <span class='ocrx_word' id='word_1_151' title='bbox 210 2430 276 2504; x_wconf 78' lang='lat' dir='ltr'><strong>Vll,</strong></span> <span class='ocrx_word' id='word_1_152' title='bbox 294 2440 322 2499; x_wconf 95' lang='grc'><strong>4.</strong></span> 
     </span>
     <span class='ocr_line' id='line_1_22' title="bbox 463 2529 590 2635; baseline -0.024 -19"><span class='ocrx_word' id='word_1_153' title='bbox 463 2529 590 2635; x_wconf 74' lang='grc' dir='ltr'>ε’μω).</span> 
     </span>
    </p>
   </div>
   <div class='ocr_carea' id='block_1_14' title="bbox 133 2693 916 3130">
    <p class='ocr_par' dir='ltr' id='par_1_15' title="bbox 133 2693 916 3130">
     <span class='ocr_line' id='line_1_23' title="bbox 177 2693 914 2767; baseline -0.012 -6"><span class='ocrx_word' id='word_1_154' title='bbox 177 2697 458 2761; x_wconf 84' lang='lat' dir='ltr'><strong>Pseudo-Plutarch.</strong></span> <span class='ocrx_word' id='word_1_155' title='bbox 479 2697 584 2755; x_wconf 89' lang='lat' dir='ltr'><strong>Placit.</strong></span> <span class='ocrx_word' id='word_1_156' title='bbox 599 2693 711 2754; x_wconf 88' lang='lat' dir='ltr'><strong>Philos.</strong></span> <span class='ocrx_word' id='word_1_157' title='bbox 735 2695 771 2764; x_wconf 87' lang='lat' dir='ltr'><strong>V,</strong></span> <span class='ocrx_word' id='word_1_158' title='bbox 798 2715 831 2767; x_wconf 84' lang='lat'><strong>¹7</strong></span> <span class='ocrx_word' id='word_1_159' title='bbox 857 2694 914 2754; x_wconf 83' lang='lat' dir='ltr'><strong>:Ti</strong></span> 
     </span>
     <span class='ocr_line' id='line_1_24' title="bbox 134 2780 914 2870; baseline -0.008 -22"><span class='ocrx_word' id='word_1_160' title='bbox 134 2795 243 2870; x_wconf 84' lang='grc' dir='ltr'>πρῶτον</span> <span class='ocrx_word' id='word_1_161' title='bbox 263 2788 483 2864; x_wconf 76' lang='grc' dir='ltr'>τελεσιουργεῖται</span> <span class='ocrx_word' id='word_1_162' title='bbox 505 2786 531 2842; x_wconf 83' lang='grc' dir='ltr'><strong>ἐν</strong></span> <span class='ocrx_word' id='word_1_163' title='bbox 552 2787 584 2862; x_wconf 84' lang='grc' dir='ltr'>τῇ</span> <span class='ocrx_word' id='word_1_164' title='bbox 609 2782 753 2862; x_wconf 69' lang='grc' dir='ltr'>γαστρίς...</span> <span class='ocrx_word' id='word_1_165' title='bbox 770 2780 914 2860; x_wconf 73' lang='grc' dir='ltr'>Ἀριστο-</span> 
     </span>
     <span class='ocr_line' id='line_1_25' title="bbox 133 2867 916 2954; baseline -0.008 -20"><span class='ocrx_word' id='word_1_166' title='bbox 133 2881 243 2948; x_wconf 84' lang='grc' dir='ltr'>τέλης,</span> <span class='ocrx_word' id='word_1_167' title='bbox 256 2878 359 2954; x_wconf 84' lang='grc' dir='ltr'>πρῶτον</span> <span class='ocrx_word' id='word_1_168' title='bbox 372 2873 420 2944; x_wconf 72' lang='grc' dir='ltr'>τὴν</span> <span class='ocrx_word' id='word_1_169' title='bbox 430 2869 524 2950; x_wconf 78' lang='grc' dir='ltr'>θορών,</span> <span class='ocrx_word' id='word_1_170' title='bbox 537 2875 572 2936; x_wconf 84' lang='grc' dir='ltr'><strong>ὡς</strong></span> <span class='ocrx_word' id='word_1_171' title='bbox 586 2870 676 2948; x_wconf 84' lang='grc' dir='ltr'>τρόπιν</span> <span class='ocrx_word' id='word_1_172' title='bbox 687 2867 760 2934; x_wconf 86' lang='grc' dir='ltr'>νεώς.</span> <span class='ocrx_word' id='word_1_173' title='bbox 773 2869 865 2928; x_wconf 78' lang='lat' dir='ltr'><strong>Aliter·</strong></span> <span class='ocrx_word' id='word_1_174' title='bbox 879 2870 916 2928; x_wconf 86' lang='lat' dir='ltr'><strong>de</strong></span> 
     </span>
     <span class='ocr_line' id='line_1_26' title="bbox 134 2956 914 3026; baseline -0.01 -1"><span class='ocrx_word' id='word_1_175' title='bbox 134 2969 193 3026; x_wconf 84' lang='lat' dir='ltr'><strong>hac</strong></span> <span class='ocrx_word' id='word_1_176' title='bbox 222 2985 253 3023; x_wconf 92' lang='lat' dir='ltr'><strong>re</strong></span> <span class='ocrx_word' id='word_1_177' title='bbox 278 2963 379 3022; x_wconf 79' lang='lat' dir='ltr'><strong>statuit</strong></span> <span class='ocrx_word' id='word_1_178' title='bbox 402 2959 576 3018; x_wconf 79' lang='lat' dir='ltr'><strong>Aristoteles</strong></span> <span class='ocrx_word' id='word_1_179' title='bbox 596 2959 626 3016; x_wconf 91' lang='lat' dir='ltr'><strong>in</strong></span> <span class='ocrx_word' id='word_1_180' title='bbox 652 2958 739 3016; x_wconf 87' lang='lat' dir='ltr'><strong>libris</strong></span> <span class='ocrx_word' id='word_1_181' title='bbox 756 2957 792 3015; x_wconf 94' lang='lat' dir='ltr'><strong>de</strong></span> <span class='ocrx_word' id='word_1_182' title='bbox 808 2956 914 3017; x_wconf 85' lang='lat' dir='ltr'><strong>Gener.</strong></span> 
     </span>
     <span class='ocr_line' id='line_1_27' title="bbox 137 3046 913 3130; baseline -0.013 -18"><span class='ocrx_word' id='word_1_183' title='bbox 137 3057 196 3114; x_wconf 74' lang='lat' dir='ltr'><strong>An.</strong></span> <span class='ocrx_word' id='word_1_184' title='bbox 209 3053 250 3125; x_wconf 94' lang='lat' dir='ltr'><strong>ll,</strong></span> <span class='ocrx_word' id='word_1_185' title='bbox 263 3060 293 3130; x_wconf 87' lang='grc'><strong>4,</strong></span> <span class='ocrx_word' id='word_1_186' title='bbox 304 3071 336 3129; x_wconf 92' lang='lat' dir='ltr'><strong>p.</strong></span> <span class='ocrx_word' id='word_1_187' title='bbox 348 3051 418 3125; x_wconf 82' lang='lat'><strong>356,</strong></span> <span class='ocrx_word' id='word_1_188' title='bbox 431 3057 479 3119; x_wconf 88' lang='grc'><strong>44,</strong></span> <span class='ocrx_word' id='word_1_189' title='bbox 494 3067 524 3125; x_wconf 87' lang='lat' dir='ltr'><strong>p.</strong></span> <span class='ocrx_word' id='word_1_190' title='bbox 536 3047 604 3119; x_wconf 85' lang='grc'><strong>357,</strong></span> <span class='ocrx_word' id='word_1_191' title='bbox 617 3046 646 3118; x_wconf 88' lang='grc'><strong>5,</strong></span> <span class='ocrx_word' id='word_1_192' title='bbox 658 3067 683 3106; x_wconf 91' lang='lat' dir='ltr'><strong>c.</strong></span> <span class='ocrx_word' id='word_1_193' title='bbox 696 3047 726 3118; x_wconf 84' lang='lat'><strong>6,</strong></span> <span class='ocrx_word' id='word_1_194' title='bbox 740 3065 769 3124; x_wconf 89' lang='lat' dir='ltr'><strong>p.</strong></span> <span class='ocrx_word' id='word_1_195' title='bbox 780 3046 849 3117; x_wconf 81' lang='grc'><strong>364,</strong></span> <span class='ocrx_word' id='word_1_196' title='bbox 864 3065 913 3103; x_wconf 80' lang='lat' dir='ltr'><strong>aa.</strong></span> 
     </span>
    </p>
   </div>
   <div class='ocr_carea' id='block_1_15' title="bbox 468 3187 598 3264">
    <p class='ocr_par' dir='ltr' id='par_1_16' title="bbox 468 3187 598 3264">
     <span class='ocr_line' id='line_1_28' title="bbox 468 3187 598 3264; baseline 0 -19"><span class='ocrx_word' id='word_1_197' title='bbox 468 3189 486 3246; x_wconf 83' lang='lat' dir='ltr'><strong>s</strong></span> <span class='ocrx_word' id='word_1_198' title='bbox 509 3187 598 3264; x_wconf 83' lang='lat'><strong>(311).</strong></span> 
     </span>
    </p>
   </div>
   <div class='ocr_carea' id='block_1_16' title="bbox 182 3331 917 3408">
    <p class='ocr_par' dir='ltr' id='par_1_17' title="bbox 182 3331 917 3408">
     <span class='ocr_line' id='line_1_29' title="bbox 182 3331 917 3408; baseline -0.008 -15"><span class='ocrx_word' id='word_1_199' title='bbox 182 3336 280 3396; x_wconf 89' lang='lat' dir='ltr'><strong>Schol.</strong></span> <span class='ocrx_word' id='word_1_200' title='bbox 305 3335 336 3393; x_wconf 92' lang='lat' dir='ltr'><strong>in</strong></span> <span class='ocrx_word' id='word_1_201' title='bbox 354 3334 445 3393; x_wconf 79' lang='lat' dir='ltr'><strong>Arist.</strong></span> <span class='ocrx_word' id='word_1_202' title='bbox 471 3331 507 3390; x_wconf 93' lang='lat' dir='ltr'><strong>de</strong></span> <span class='ocrx_word' id='word_1_203' title='bbox 532 3331 614 3390; x_wconf 88' lang='lat' dir='ltr'><strong>Part.</strong></span> <span class='ocrx_word' id='word_1_204' title='bbox 632 3331 689 3390; x_wconf 81' lang='lat' dir='ltr'><strong>An.</strong></span> <span class='ocrx_word' id='word_1_205' title='bbox 706 3333 731 3402; x_wconf 92' lang='lat' dir='ltr'><strong>I,</strong></span> <span class='ocrx_word' id='word_1_206' title='bbox 753 3351 780 3402; x_wconf 88' lang='lat'><strong>1,</strong></span> <span class='ocrx_word' id='word_1_207' title='bbox 796 3350 828 3408; x_wconf 88' lang='lat' dir='ltr'><strong>p.</strong></span> <span class='ocrx_word' id='word_1_208' title='bbox 848 3351 917 3406; x_wconf 80' lang='lat' dir='ltr'><strong>aar,</strong></span> 
     </span>
    </p>
   </div>
   <div class='ocr_carea' id='block_1_17' title="bbox 22 3417 918 3670">
    <p class='ocr_par' dir='ltr' id='par_1_18' title="bbox 22 3403 918 3670">
     <span class='ocr_line' id='line_1_30' title="bbox 140 3417 917 3501; baseline -0.009 -18.055"><span class='ocrx_word' id='word_1_209' title='bbox 140 3427 179 3494; x_wconf 79' lang='grc'><strong>43</strong></span> <span class='ocrx_word' id='word_1_210' title='bbox 197 3447 203 3482; x_wconf 81' lang='lat' dir='ltr'><strong>t</strong></span> <span class='ocrx_word' id='word_1_211' title='bbox 218 3425 274 3494; x_wconf 70' lang='lat' dir='ltr'><strong>Ti&lt;</strong></span> <span class='ocrx_word' id='word_1_212' title='bbox 285 3421 337 3501; x_wconf 67' lang='grc' dir='ltr'><strong>γὰρ</strong></span> <span class='ocrx_word' id='word_1_213' title='bbox 352 3423 433 3492; x_wconf 82' lang='grc' dir='ltr'>αὖτῆς</span> <span class='ocrx_word' id='word_1_214' title='bbox 450 3419 529 3500; x_wconf 88' lang='lat' dir='ltr'><strong>(scil.</strong></span> <span class='ocrx_word' id='word_1_215' title='bbox 554 3417 712 3496; x_wconf 74' lang='grc' dir='ltr'>ἐπιστήμης)</span> <span class='ocrx_word' id='word_1_216' title='bbox 732 3418 793 3498; x_wconf 83' lang='grc' dir='ltr'>περί</span> <span class='ocrx_word' id='word_1_217' title='bbox 808 3423 852 3477; x_wconf 79' lang='grc' dir='ltr'><strong>νοῦ</strong></span> <span class='ocrx_word' id='word_1_218' title='bbox 873 3423 917 3476; x_wconf 77' lang='grc' dir='ltr'><strong>καί</strong></span> 
     </span>
     <span class='ocr_line' id='line_1_31' title="bbox 22 3506 914 3589; baseline -0.006 -16"><span class='ocrx_word' id='word_1_219' title='bbox 22 3507 23 3512; x_wconf 26' lang='grc'><strong>“</strong></span> <span class='ocrx_word' id='word_1_220' title='bbox 136 3519 187 3572; x_wconf 83' lang='grc' dir='ltr'>τοῦ</span> <span class='ocrx_word' id='word_1_221' title='bbox 202 3515 296 3584; x_wconf 78' lang='grc' dir='ltr'>νοητοῦ</span> <span class='ocrx_word' id='word_1_222' title='bbox 308 3513 450 3589; x_wconf 82' lang='grc' dir='ltr'>θεωρῆσαι,</span> <span class='ocrx_word' id='word_1_223' title='bbox 463 3529 491 3588; x_wconf 88' lang='lat' dir='ltr'><strong>p.</strong></span> <span class='ocrx_word' id='word_1_224' title='bbox 507 3517 523 3576; x_wconf 90' lang='grc'><strong>4</strong></span> <span class='ocrx_word' id='word_1_225' title='bbox 546 3508 592 3567; x_wconf 88' lang='lat' dir='ltr'><strong>ed.</strong></span> <span class='ocrx_word' id='word_1_226' title='bbox 610 3506 799 3584; x_wconf 69' lang='lat' dir='ltr'><strong>Langkavel„</strong></span> <span class='ocrx_word' id='word_1_227' title='bbox 820 3507 914 3568; x_wconf 87' lang='lat' dir='ltr'><strong>Berol.</strong></span> 
     </span>
     <span class='ocr_line' id='line_1_32' title="bbox 22 3594 918 3670; baseline -0.006 -12"><span class='ocrx_word' id='word_1_228' title='bbox 22 3643 23 3658; x_wconf 48' lang='grc' dir='ltr'>ι</span> <span class='ocrx_word' id='word_1_229' title='bbox 143 3601 221 3661; x_wconf 79' lang='lat'>1865</span> <span class='ocrx_word' id='word_1_230' title='bbox 244 3621 251 3657; x_wconf 92' lang='lat'><strong>:</strong></span> <span class='ocrx_word' id='word_1_231' title='bbox 267 3597 331 3659; x_wconf 85' lang='grc' dir='ltr'><strong>Ἐπ’</strong></span> <span class='ocrx_word' id='word_1_232' title='bbox 345 3595 418 3658; x_wconf 74' lang='grc' dir='ltr'>ἐνίων</span> <span class='ocrx_word' id='word_1_233' title='bbox 438 3594 517 3654; x_wconf 80' lang='grc' dir='ltr'>ταύτό</span> <span class='ocrx_word' id='word_1_234' title='bbox 531 3596 625 3654; x_wconf 83' lang='grc' dir='ltr'>ίστινὸ</span> <span class='ocrx_word' id='word_1_235' title='bbox 641 3594 802 3662; x_wconf 70' lang='lat' dir='ltr'><strong>subreniri</strong></span> <span class='ocrx_word' id='word_1_236' title='bbox 817 3595 918 3670; x_wconf 79' lang='grc' dir='ltr'>νοητόν,</span> 
     </span>
    </p>
   </div>
   <div class='ocr_carea' id='block_1_18' title="bbox 139 3683 918 3938">
    <p class='ocr_par' dir='ltr' id='par_1_19' title="bbox 139 3683 918 3938">
     <span class='ocr_line' id='line_1_33' title="bbox 140 3683 654 3763; baseline -0.004 -17"><span class='ocrx_word' id='word_1_237' title='bbox 140 3693 180 3754; x_wconf 81' lang='grc' dir='ltr'><strong>ὡς</strong></span> <span class='ocrx_word' id='word_1_238' title='bbox 196 3691 223 3745; x_wconf 83' lang='grc' dir='ltr'><strong>ἐν</strong></span> <span class='ocrx_word' id='word_1_239' title='bbox 238 3683 366 3763; x_wconf 77' lang='grc' dir='ltr'>τοῖςπερὶ</span> <span class='ocrx_word' id='word_1_240' title='bbox 381 3683 530 3763; x_wconf 82' lang='grc' dir='ltr'>Ἀνθρώπου</span> <span class='ocrx_word' id='word_1_241' title='bbox 540 3683 654 3763; x_wconf 75' lang='grc' dir='ltr'>εἴρηται.</span> 
     </span>
     <span class='ocr_line' id='line_1_34' title="bbox 186 3771 918 3851; baseline -0.001 -19"><span class='ocrx_word' id='word_1_242' title='bbox 186 3773 371 3833; x_wconf 76' lang='lat' dir='ltr'><strong>scholiorum</strong></span> <span class='ocrx_word' id='word_1_243' title='bbox 385 3771 482 3830; x_wconf 82' lang='lat' dir='ltr'><strong>editor</strong></span> <span class='ocrx_word' id='word_1_244' title='bbox 495 3771 533 3829; x_wconf 94' lang='lat' dir='ltr'><strong>de</strong></span> <span class='ocrx_word' id='word_1_245' title='bbox 549 3771 628 3829; x_wconf 91' lang='lat' dir='ltr'><strong>libro</strong></span> <span class='ocrx_word' id='word_1_246' title='bbox 640 3771 701 3850; x_wconf 81' lang='grc' dir='ltr'>περὶ</span> <span class='ocrx_word' id='word_1_247' title='bbox 716 3772 852 3851; x_wconf 79' lang='grc' dir='ltr'>ἀνθρώπων</span> <span class='ocrx_word' id='word_1_248' title='bbox 867 3771 918 3850; x_wconf 83' lang='grc' dir='ltr'><strong>ρύ-</strong></span> 
     </span>
     <span class='ocr_line' id='line_1_35' title="bbox 139 3861 614 3938; baseline -0.004 -16"><span class='ocrx_word' id='word_1_249' title='bbox 139 3887 211 3928; x_wconf 84' lang='grc' dir='ltr'>σεως</span> <span class='ocrx_word' id='word_1_250' title='bbox 227 3861 335 3938; x_wconf 84' lang='lat' dir='ltr'><strong>cogitat</strong></span> <span class='ocrx_word' id='word_1_251' title='bbox 340 3875 351 3938; x_wconf 87' lang='lat'>;</span> <span class='ocrx_word' id='word_1_252' title='bbox 368 3861 467 3918; x_wconf 88' lang='lat' dir='ltr'><strong>nescio</strong></span> <span class='ocrx_word' id='word_1_253' title='bbox 478 3877 516 3916; x_wconf 92' lang='lat' dir='ltr'><strong>an</strong></span> <span class='ocrx_word' id='word_1_254' title='bbox 526 3873 614 3920; x_wconf 87' lang='lat' dir='ltr'><strong>recte.</strong></span> 
     </span>
    </p>
   </div>
   <div class='ocr_carea' id='block_1_19' title="bbox 305 3989 761 4050">
    <p class='ocr_par' dir='ltr' id='par_1_20' title="bbox 305 3989 761 4050">
     <span class='ocr_line' id='line_1_36' title="bbox 305 3989 761 4050; baseline -0.007 -2"><span class='ocrx_word' id='word_1_255' title='bbox 305 3989 383 4050; x_wconf 86' lang='lat' dir='ltr'><strong>xvt.</strong></span> <span class='ocrx_word' id='word_1_256' title='bbox 401 3989 761 4050; x_wconf 70' lang='lat' dir='ltr'><strong>ntztol‘uuttontttn.</strong></span> 
     </span>
    </p>
   </div>
   <div class='ocr_carea' id='block_1_20' title="bbox 138 4122 921 4374">
    <p class='ocr_par' dir='ltr' id='par_1_21' title="bbox 138 4122 921 4374">
     <span class='ocr_line' id='line_1_37' title="bbox 185 4122 920 4199; baseline 0 -19"><span class='ocrx_word' id='word_1_257' title='bbox 185 4125 228 4181; x_wconf 86' lang='lat' dir='ltr'><strong>lle</strong></span> <span class='ocrx_word' id='word_1_258' title='bbox 255 4122 550 4199; x_wconf 79' lang='lat' dir='ltr'><strong>Physiognornonicis</strong></span> <span class='ocrx_word' id='word_1_259' title='bbox 573 4133 730 4193; x_wconf 88' lang='lat' dir='ltr'><strong>tractatus,</strong></span> <span class='ocrx_word' id='word_1_260' title='bbox 755 4139 840 4198; x_wconf 91' lang='lat' dir='ltr'><strong>quem</strong></span> <span class='ocrx_word' id='word_1_261' title='bbox 866 4123 920 4180; x_wconf 89' lang='lat' dir='ltr'><strong>etsi</strong></span> 
     </span>
     <span class='ocr_line' id='line_1_38' title="bbox 140 4210 921 4290; baseline -0.004 -19"><span class='ocrx_word' id='word_1_262' title='bbox 140 4232 252 4272; x_wconf 87' lang='lat' dir='ltr'><strong>nornen</strong></span> <span class='ocrx_word' id='word_1_263' title='bbox 267 4210 437 4290; x_wconf 85' lang='lat' dir='ltr'><strong>philosophi</strong></span> <span class='ocrx_word' id='word_1_264' title='bbox 459 4231 518 4288; x_wconf 77' lang='lat' dir='ltr'><strong>pree</strong></span> <span class='ocrx_word' id='word_1_265' title='bbox 531 4229 561 4269; x_wconf 86' lang='lat' dir='ltr'><strong>se</strong></span> <span class='ocrx_word' id='word_1_266' title='bbox 576 4210 660 4280; x_wconf 88' lang='lat' dir='ltr'><strong>ferat,</strong></span> <span class='ocrx_word' id='word_1_267' title='bbox 674 4229 759 4268; x_wconf 91' lang='lat' dir='ltr'><strong>nemo</strong></span> <span class='ocrx_word' id='word_1_268' title='bbox 773 4223 867 4268; x_wconf 89' lang='lat' dir='ltr'><strong>tamen</strong></span> <span class='ocrx_word' id='word_1_269' title='bbox 882 4211 921 4268; x_wconf 82' lang='lat' dir='ltr'><strong>ia·</strong></span> 
     </span>
     <span class='ocr_line' id='line_1_39' title="bbox 138 4297 920 4374; baseline -0.003 -15"><span class='ocrx_word' id='word_1_270' title='bbox 138 4302 202 4360; x_wconf 86' lang='lat' dir='ltr'><strong>cile</strong></span> <span class='ocrx_word' id='word_1_271' title='bbox 225 4299 261 4357; x_wconf 88' lang='lat' dir='ltr'><strong>ab</strong></span> <span class='ocrx_word' id='word_1_272' title='bbox 285 4299 440 4358; x_wconf 81' lang='lat' dir='ltr'><strong>Aristotele</strong></span> <span class='ocrx_word' id='word_1_273' title='bbox 465 4317 524 4355; x_wconf 93' lang='lat' dir='ltr'><strong>non</strong></span> <span class='ocrx_word' id='word_1_274' title='bbox 544 4297 727 4374; x_wconf 88' lang='lat' dir='ltr'><strong>abjudicabit</strong></span> <span class='ocrx_word' id='word_1_275' title='bbox 748 4319 816 4356; x_wconf 91' lang='lat' dir='ltr'><strong>num</strong></span> <span class='ocrx_word' id='word_1_276' title='bbox 844 4299 920 4357; x_wconf 92' lang='lat' dir='ltr'><strong>idem</strong></span> 
     </span>
    </p>
   </div>
   <div class='ocr_carea' id='block_1_21' title="bbox 520 4469 543 4512">
    <p class='ocr_par' dir='ltr' id='par_1_22' title="bbox 520 4469 543 4512">
     <span class='ocr_line' id='line_1_40' title="bbox 520 4469 543 4512; baseline -0.087 0"><span class='ocrx_word' id='word_1_277' title='bbox 520 4469 543 4512; x_wconf 73' lang='lat' dir='ltr'><strong>l.</strong></span> 
     </span>
    </p>
   </div>
   <div class='ocr_carea' id='block_1_22' title="bbox 139 4582 926 5258">
    <p class='ocr_par' dir='ltr' id='par_1_23' title="bbox 139 4582 926 5258">
     <span class='ocr_line' id='line_1_41' title="bbox 178 4582 923 4646; baseline 0 -14"><span class='ocrx_word' id='word_1_278' title='bbox 178 4583 270 4632; x_wconf 77' lang='lat' dir='ltr'><strong>Accidit</strong></span> <span class='ocrx_word' id='word_1_279' title='bbox 281 4583 401 4633; x_wconf 86' lang='lat' dir='ltr'><strong>nonnullis</strong></span> <span class='ocrx_word' id='word_1_280' title='bbox 413 4582 587 4646; x_wconf 86' lang='lat' dir='ltr'><strong>superloetatio,</strong></span> <span class='ocrx_word' id='word_1_281' title='bbox 599 4582 686 4646; x_wconf 84' lang='lat' dir='ltr'><strong>quibus</strong></span> <span class='ocrx_word' id='word_1_282' title='bbox 695 4582 764 4633; x_wconf 84' lang='lat' dir='ltr'><strong>simul</strong></span> <span class='ocrx_word' id='word_1_283' title='bbox 778 4583 923 4632; x_wconf 80' lang='lat' dir='ltr'><strong>exulceratio</strong></span> 
     </span>
     <span class='ocr_line' id='line_1_42' title="bbox 139 4669 924 4732; baseline -0.001 -11"><span class='ocrx_word' id='word_1_284' title='bbox 139 4669 252 4721; x_wconf 86' lang='lat' dir='ltr'><strong>matricis</strong></span> <span class='ocrx_word' id='word_1_285' title='bbox 267 4673 291 4719; x_wconf 88' lang='lat' dir='ltr'><strong>et</strong></span> <span class='ocrx_word' id='word_1_286' title='bbox 310 4669 430 4719; x_wconf 82' lang='lat' dir='ltr'><strong>saturicos</strong></span> <span class='ocrx_word' id='word_1_287' title='bbox 442 4670 582 4720; x_wconf 86' lang='lat' dir='ltr'><strong>alimentum</strong></span> <span class='ocrx_word' id='word_1_288' title='bbox 596 4683 651 4720; x_wconf 88' lang='lat' dir='ltr'><strong>esse</strong></span> <span class='ocrx_word' id='word_1_289' title='bbox 669 4669 776 4732; x_wconf 75' lang='lat' dir='ltr'><strong>conligit.</strong></span> <span class='ocrx_word' id='word_1_290' title='bbox 799 4669 924 4720; x_wconf 80' lang='lat' dir='ltr'><strong>Nonnullis</strong></span> 
     </span>
     <span class='ocr_line' id='line_1_43' title="bbox 142 4755 923 4820; baseline -0.003 -13"><span class='ocrx_word' id='word_1_291' title='bbox 142 4771 206 4808; x_wconf 84' lang='lat' dir='ltr'><strong>vero</strong></span> <span class='ocrx_word' id='word_1_292' title='bbox 222 4755 307 4806; x_wconf 86' lang='lat' dir='ltr'><strong>accidit</strong></span> <span class='ocrx_word' id='word_1_293' title='bbox 325 4761 436 4807; x_wconf 80' lang='lat' dir='ltr'><strong>nunente</strong></span> <span class='ocrx_word' id='word_1_294' title='bbox 451 4757 481 4806; x_wconf 85' lang='lat' dir='ltr'><strong>ad</strong></span> <span class='ocrx_word' id='word_1_295' title='bbox 497 4756 593 4820; x_wconf 85' lang='lat' dir='ltr'><strong>aliquod</strong></span> <span class='ocrx_word' id='word_1_296' title='bbox 607 4760 731 4820; x_wconf 92' lang='lat' dir='ltr'><strong>tempusa</strong></span> <span class='ocrx_word' id='word_1_297' title='bbox 749 4756 825 4820; x_wconf 89' lang='lat' dir='ltr'><strong>prima</strong></span> <span class='ocrx_word' id='word_1_298' title='bbox 838 4769 923 4806; x_wconf 83' lang='lat' dir='ltr'><strong>conce·</strong></span> 
     </span>
     <span class='ocr_line' id='line_1_44' title="bbox 142 4842 922 4908; baseline -0.001 -15"><span class='ocrx_word' id='word_1_299' title='bbox 142 4844 230 4908; x_wconf 73' lang='lat' dir='ltr'><strong>ptione</strong></span> <span class='ocrx_word' id='word_1_300' title='bbox 246 4842 428 4903; x_wconf 75' lang='lat' dir='ltr'><strong>exulceratione,</strong></span> <span class='ocrx_word' id='word_1_301' title='bbox 444 4842 565 4892; x_wconf 87' lang='lat' dir='ltr'><strong>nonnullis</strong></span> <span class='ocrx_word' id='word_1_302' title='bbox 582 4844 674 4906; x_wconf 89' lang='lat' dir='ltr'><strong>postea,</strong></span> <span class='ocrx_word' id='word_1_303' title='bbox 688 4842 827 4906; x_wconf 74' lang='lat' dir='ltr'><strong>purgatione</strong></span> <span class='ocrx_word' id='word_1_304' title='bbox 842 4855 922 4892; x_wconf 89' lang='lat' dir='ltr'><strong>mens·</strong></span> 
     </span>
     <span class='ocr_line' id='line_1_45' title="bbox 142 4929 924 4993; baseline -0.001 -12"><span class='ocrx_word' id='word_1_305' title='bbox 142 4937 204 4982; x_wconf 80' lang='lat' dir='ltr'><strong>true</strong></span> <span class='ocrx_word' id='word_1_306' title='bbox 218 4931 357 4993; x_wconf 73' lang='lat' dir='ltr'><strong>apparente,</strong></span> <span class='ocrx_word' id='word_1_307' title='bbox 377 4929 401 4979; x_wconf 89' lang='lat' dir='ltr'><strong>in</strong></span> <span class='ocrx_word' id='word_1_308' title='bbox 415 4929 461 4978; x_wconf 87' lang='lat' dir='ltr'><strong>alia</strong></span> <span class='ocrx_word' id='word_1_309' title='bbox 481 4930 586 4981; x_wconf 85' lang='lat' dir='ltr'><strong>matricis</strong></span> <span class='ocrx_word' id='word_1_310' title='bbox 609 4934 684 4993; x_wconf 85' lang='lat' dir='ltr'><strong>parte.</strong></span> <span class='ocrx_word' id='word_1_311' title='bbox 706 4933 786 4988; x_wconf 84' lang='lat' dir='ltr'><strong>Quare</strong></span> <span class='ocrx_word' id='word_1_312' title='bbox 805 4929 924 4980; x_wconf 73' lang='lat' dir='ltr'><strong>nonnulle</strong></span> 
     </span>
     <span class='ocr_line' id='line_1_46' title="bbox 142 5016 922 5082; baseline -0.004 -13"><span class='ocrx_word' id='word_1_313' title='bbox 142 5019 225 5078; x_wconf 87' lang='lat' dir='ltr'><strong>brevi,</strong></span> <span class='ocrx_word' id='word_1_314' title='bbox 236 5016 357 5066; x_wconf 79' lang='lat' dir='ltr'><strong>nonnullas</strong></span> <span class='ocrx_word' id='word_1_315' title='bbox 375 5031 433 5068; x_wconf 82' lang='lat' dir='ltr'><strong>vero</strong></span> <span class='ocrx_word' id='word_1_316' title='bbox 452 5017 557 5081; x_wconf 82' lang='lat' dir='ltr'><strong>longiore</strong></span> <span class='ocrx_word' id='word_1_317' title='bbox 575 5020 681 5082; x_wconf 87' lang='lat' dir='ltr'><strong>tempore</strong></span> <span class='ocrx_word' id='word_1_318' title='bbox 693 5021 748 5082; x_wconf 87' lang='lat' dir='ltr'><strong>post</strong></span> <span class='ocrx_word' id='word_1_319' title='bbox 756 5017 858 5081; x_wconf 89' lang='lat' dir='ltr'><strong>primum</strong></span> <span class='ocrx_word' id='word_1_320' title='bbox 870 5030 922 5080; x_wconf 85' lang='lat' dir='ltr'><strong>par·</strong></span> 
     </span>
     <span class='ocr_line' id='line_1_47' title="bbox 142 5100 924 5170; baseline -0.003 -14"><span class='ocrx_word' id='word_1_321' title='bbox 142 5111 201 5156; x_wconf 90' lang='lat' dir='ltr'><strong>tum</strong></span> <span class='ocrx_word' id='word_1_322' title='bbox 222 5105 323 5156; x_wconf 88' lang='lat' dir='ltr'><strong>alterum</strong></span> <span class='ocrx_word' id='word_1_323' title='bbox 335 5100 416 5155; x_wconf 71' lang='lat' dir='ltr'><strong>etium</strong></span> <span class='ocrx_word' id='word_1_324' title='bbox 429 5107 519 5156; x_wconf 76' lang='lat' dir='ltr'><strong>Eorum</strong></span> <span class='ocrx_word' id='word_1_325' title='bbox 536 5119 592 5169; x_wconf 75' lang='grc' dir='ltr'>ηοω</span> <span class='ocrx_word' id='word_1_326' title='bbox 607 5121 637 5156; x_wconf 83' lang='lat' dir='ltr'><strong>ex</strong></span> <span class='ocrx_word' id='word_1_327' title='bbox 661 5106 855 5170; x_wconf 82' lang='lat' dir='ltr'><strong>superloelatione</strong></span> <span class='ocrx_word' id='word_1_328' title='bbox 870 5118 924 5154; x_wconf 89' lang='lat' dir='ltr'><strong>nas·</strong></span> 
     </span>
     <span class='ocr_line' id='line_1_48' title="bbox 140 5189 926 5258; baseline -0.008 -12"><span class='ocrx_word' id='word_1_329' title='bbox 140 5195 237 5246; x_wconf 88' lang='lat' dir='ltr'><strong>cuntur</strong></span> <span class='ocrx_word' id='word_1_330' title='bbox 249 5193 295 5243; x_wconf 85' lang='lat' dir='ltr'><strong>alia</strong></span> <span class='ocrx_word' id='word_1_331' title='bbox 309 5189 449 5257; x_wconf 78' lang='lat' dir='ltr'><strong>imperfecta</strong></span> <span class='ocrx_word' id='word_1_332' title='bbox 461 5194 528 5258; x_wconf 81' lang='lat' dir='ltr'><strong>sunl,</strong></span> <span class='ocrx_word' id='word_1_333' title='bbox 540 5207 585 5244; x_wconf 89' lang='lat' dir='ltr'><strong>nec</strong></span> <span class='ocrx_word' id='word_1_334' title='bbox 595 5194 706 5244; x_wconf 85' lang='lat' dir='ltr'><strong>distincta</strong></span> <span class='ocrx_word' id='word_1_335' title='bbox 716 5192 805 5244; x_wconf 84' lang='lat' dir='ltr'><strong>habent</strong></span> <span class='ocrx_word' id='word_1_336' title='bbox 818 5191 926 5243; x_wconf 86' lang='lat' dir='ltr'><strong>membra</strong></span> 
     </span>
    </p>
   </div>
   <div class='ocr_carea' id='block_1_23' title="bbox 1606 411 1729 484">
    <p class='ocr_par' dir='ltr' id='par_1_24' title="bbox 1606 411 1729 484">
     <span class='ocr_line' id='line_1_49' title="bbox 1606 411 1729 484; baseline -0.008 -15"><span class='ocrx_word' id='word_1_337' title='bbox 1606 456 1611 484; x_wconf 84' lang='lat'><strong>,</strong></span> <span class='ocrx_word' id='word_1_338' title='bbox 1678 411 1729 468; x_wconf 79' lang='lat' dir='ltr'><strong>tsi</strong></span> 
     </span>
    </p>
   </div>
   <div class='ocr_carea' id='block_1_24' title="bbox 959 535 1738 1319">
    <p class='ocr_par' dir='ltr' id='par_1_25' title="bbox 959 535 1738 1319">
     <span class='ocr_line' id='line_1_50' title="bbox 959 535 1736 612; baseline 0.003 -18"><span class='ocrx_word' id='word_1_339' title='bbox 959 535 997 594; x_wconf 87' lang='lat' dir='ltr'><strong>sit</strong></span> <span class='ocrx_word' id='word_1_340' title='bbox 1011 551 1097 612; x_wconf 89' lang='lat' dir='ltr'><strong>atque</strong></span> <span class='ocrx_word' id='word_1_341' title='bbox 1114 535 1198 612; x_wconf 88' lang='lat' dir='ltr'><strong>cujus</strong></span> <span class='ocrx_word' id='word_1_342' title='bbox 1213 536 1329 594; x_wconf 83' lang='lat' dir='ltr'><strong>titulum</strong></span> <span class='ocrx_word' id='word_1_343' title='bbox 1345 550 1474 594; x_wconf 87' lang='lat' dir='ltr'><strong>recenset</strong></span> <span class='ocrx_word' id='word_1_344' title='bbox 1488 537 1633 612; x_wconf 82' lang='lat' dir='ltr'><strong>Diogenes</strong></span> <span class='ocrx_word' id='word_1_345' title='bbox 1648 537 1736 596; x_wconf 82' lang='lat' dir='ltr'><strong>laer·</strong></span> 
     </span>
     <span class='ocr_line' id='line_1_51' title="bbox 962 621 1738 701; baseline 0.006 -21"><span class='ocrx_word' id='word_1_346' title='bbox 962 624 1020 682; x_wconf 84' lang='lat' dir='ltr'><strong>tius</strong></span> <span class='ocrx_word' id='word_1_347' title='bbox 1039 624 1121 701; x_wconf 86' lang='lat'>(109)</span> <span class='ocrx_word' id='word_1_348' title='bbox 1138 621 1399 701; x_wconf 79' lang='grc' dir='ltr'>Φυσιογνωμονικόν,</span> <span class='ocrx_word' id='word_1_349' title='bbox 1421 621 1458 700; x_wconf 85' lang='grc' dir='ltr'><strong>α’,</strong></span> <span class='ocrx_word' id='word_1_350' title='bbox 1471 625 1533 700; x_wconf 88' lang='lat' dir='ltr'><strong>jam</strong></span> <span class='ocrx_word' id='word_1_351' title='bbox 1555 625 1668 684; x_wconf 89' lang='lat' dir='ltr'><strong>idcirco</strong></span> <span class='ocrx_word' id='word_1_352' title='bbox 1685 625 1738 685; x_wconf 92' lang='lat' dir='ltr'><strong>du·</strong></span> 
     </span>
     <span class='ocr_line' id='line_1_52' title="bbox 962 710 1737 789; baseline 0.006 -21"><span class='ocrx_word' id='word_1_353' title='bbox 962 710 1043 768; x_wconf 92' lang='lat' dir='ltr'><strong>bium</strong></span> <span class='ocrx_word' id='word_1_354' title='bbox 1061 711 1156 769; x_wconf 86' lang='lat' dir='ltr'><strong>videri</strong></span> <span class='ocrx_word' id='word_1_355' title='bbox 1171 724 1278 789; x_wconf 90' lang='lat' dir='ltr'><strong>potest,</strong></span> <span class='ocrx_word' id='word_1_356' title='bbox 1292 710 1371 788; x_wconf 91' lang='lat' dir='ltr'><strong>quod</strong></span> <span class='ocrx_word' id='word_1_357' title='bbox 1387 711 1513 770; x_wconf 90' lang='lat' dir='ltr'><strong>eundem</strong></span> <span class='ocrx_word' id='word_1_358' title='bbox 1526 711 1641 770; x_wconf 91' lang='lat' dir='ltr'><strong>titulum</strong></span> <span class='ocrx_word' id='word_1_359' title='bbox 1655 715 1737 773; x_wconf 75' lang='lat' dir='ltr'><strong>dno·</strong></span> 
     </span>
     <span class='ocr_line' id='line_1_53' title="bbox 963 799 1736 879; baseline 0.009 -24"><span class='ocrx_word' id='word_1_360' title='bbox 963 817 1069 874; x_wconf 84' lang='lat' dir='ltr'><strong>nymus</strong></span> <span class='ocrx_word' id='word_1_361' title='bbox 1082 799 1144 877; x_wconf 84' lang='grc'>(87]</span> <span class='ocrx_word' id='word_1_362' title='bbox 1160 799 1347 859; x_wconf 80' lang='lat' dir='ltr'><strong>itaexbibet:</strong></span> <span class='ocrx_word' id='word_1_363' title='bbox 1364 800 1613 877; x_wconf 59' lang='lat' dir='ltr'><strong>metropopolim,</strong></span> <span class='ocrx_word' id='word_1_364' title='bbox 1632 800 1665 879; x_wconf 81' lang='grc' dir='ltr'><strong>β’.</strong></span> <span class='ocrx_word' id='word_1_365' title='bbox 1680 803 1736 862; x_wconf 83' lang='lat' dir='ltr'><strong>lla·</strong></span> 
     </span>
     <span class='ocr_line' id='line_1_54' title="bbox 962 885 1737 966; baseline 0.009 -23"><span class='ocrx_word' id='word_1_366' title='bbox 962 885 1066 946; x_wconf 91' lang='lat' dir='ltr'><strong>bemus</strong></span> <span class='ocrx_word' id='word_1_367' title='bbox 1085 889 1176 964; x_wconf 82' lang='lat' dir='ltr'><strong>igitur</strong></span> <span class='ocrx_word' id='word_1_368' title='bbox 1199 909 1251 946; x_wconf 90' lang='lat' dir='ltr'><strong>cur</strong></span> <span class='ocrx_word' id='word_1_369' title='bbox 1263 888 1332 966; x_wconf 86' lang='lat' dir='ltr'><strong>jure</strong></span> <span class='ocrx_word' id='word_1_370' title='bbox 1347 888 1497 948; x_wconf 82' lang='lat' dir='ltr'><strong>doleamus</strong></span> <span class='ocrx_word' id='word_1_371' title='bbox 1512 887 1617 947; x_wconf 92' lang='lat' dir='ltr'><strong>Galeni</strong></span> <span class='ocrx_word' id='word_1_372' title='bbox 1641 889 1737 950; x_wconf 85' lang='lat' dir='ltr'><strong>brevi·</strong></span> 
     </span>
     <span class='ocr_line' id='line_1_55' title="bbox 964 975 1737 1052; baseline 0.005 -20"><span class='ocrx_word' id='word_1_373' title='bbox 964 985 1065 1048; x_wconf 88' lang='lat' dir='ltr'><strong>tatem,</strong></span> <span class='ocrx_word' id='word_1_374' title='bbox 1092 975 1175 1052; x_wconf 87' lang='lat' dir='ltr'><strong>cujus</strong></span> <span class='ocrx_word' id='word_1_375' title='bbox 1198 976 1260 1035; x_wconf 83' lang='lat' dir='ltr'><strong>haec</strong></span> <span class='ocrx_word' id='word_1_376' title='bbox 1284 988 1353 1035; x_wconf 92' lang='lat' dir='ltr'><strong>sunt</strong></span> <span class='ocrx_word' id='word_1_377' title='bbox 1374 975 1476 1048; x_wconf 83' lang='lat' dir='ltr'><strong>verba,</strong></span> <span class='ocrx_word' id='word_1_378' title='bbox 1491 975 1528 1034; x_wconf 89' lang='lat' dir='ltr'><strong>de</strong></span> <span class='ocrx_word' id='word_1_379' title='bbox 1547 976 1737 1036; x_wconf 76' lang='lat' dir='ltr'><strong>passionibus</strong></span> 
     </span>
     <span class='ocr_line' id='line_1_56' title="bbox 963 1063 1737 1144; baseline -0.001 -22"><span class='ocrx_word' id='word_1_380' title='bbox 963 1065 1067 1141; x_wconf 83' lang='lat' dir='ltr'><strong>animi,</strong></span> <span class='ocrx_word' id='word_1_381' title='bbox 1087 1078 1107 1125; x_wconf 88' lang='lat' dir='ltr'><strong>t.</strong></span> <span class='ocrx_word' id='word_1_382' title='bbox 1124 1063 1172 1136; x_wconf 87' lang='lat' dir='ltr'><strong>ltl,</strong></span> <span class='ocrx_word' id='word_1_383' title='bbox 1189 1086 1220 1143; x_wconf 94' lang='lat' dir='ltr'><strong>p.</strong></span> <span class='ocrx_word' id='word_1_384' title='bbox 1239 1086 1294 1142; x_wconf 86' lang='grc'><strong>797</strong></span> <span class='ocrx_word' id='word_1_385' title='bbox 1307 1064 1353 1124; x_wconf 87' lang='lat' dir='ltr'><strong>ed.</strong></span> <span class='ocrx_word' id='word_1_386' title='bbox 1369 1063 1446 1142; x_wconf 83' lang='lat' dir='ltr'><strong>Lips.</strong></span> <span class='ocrx_word' id='word_1_387' title='bbox 1462 1087 1468 1122; x_wconf 90' lang='lat'>:</span> <span class='ocrx_word' id='word_1_388' title='bbox 1486 1065 1580 1124; x_wconf 77' lang='grc' dir='ltr'>Ταῦτα</span> <span class='ocrx_word' id='word_1_389' title='bbox 1593 1063 1639 1140; x_wconf 81' lang='grc' dir='ltr'>μίν</span> <span class='ocrx_word' id='word_1_390' title='bbox 1652 1065 1678 1121; x_wconf 79' lang='grc' dir='ltr'><strong>ἒν</strong></span> <span class='ocrx_word' id='word_1_391' title='bbox 1698 1068 1737 1144; x_wconf 80' lang='grc' dir='ltr'>τῷ</span> 
     </span>
     <span class='ocr_line' id='line_1_57' title="bbox 965 1149 1735 1231; baseline 0.003 -25"><span class='ocrx_word' id='word_1_392' title='bbox 965 1149 1062 1230; x_wconf 83' lang='grc' dir='ltr'>πρώτῳ</span> <span class='ocrx_word' id='word_1_393' title='bbox 1084 1150 1145 1229; x_wconf 83' lang='grc' dir='ltr'>περί</span> <span class='ocrx_word' id='word_1_394' title='bbox 1169 1149 1249 1231; x_wconf 85' lang='grc' dir='ltr'>Ζῴων</span> <span class='ocrx_word' id='word_1_395' title='bbox 1272 1149 1388 1228; x_wconf 76' lang='grc' dir='ltr'>ἱστορίας</span> <span class='ocrx_word' id='word_1_396' title='bbox 1410 1149 1591 1231; x_wconf 75' lang='grc' dir='ltr'>Ἀριστοτέλης</span> <span class='ocrx_word' id='word_1_397' title='bbox 1613 1149 1735 1230; x_wconf 73' lang='grc' dir='ltr'>ἔγραψεν.</span> 
     </span>
     <span class='ocr_line' id='line_1_58' title="bbox 964 1234 1737 1319; baseline 0.003 -24"><span class='ocrx_word' id='word_1_398' title='bbox 964 1234 1062 1314; x_wconf 80' lang='grc' dir='ltr'>Ὀλίγα</span> <span class='ocrx_word' id='word_1_399' title='bbox 1083 1237 1110 1294; x_wconf 76' lang='grc' dir='ltr'><strong>δὲ</strong></span> <span class='ocrx_word' id='word_1_400' title='bbox 1126 1238 1260 1316; x_wconf 74' lang='grc' dir='ltr'>μέμνηται</span> <span class='ocrx_word' id='word_1_401' title='bbox 1279 1239 1323 1297; x_wconf 79' lang='grc' dir='ltr'><strong>καὶ</strong></span> <span class='ocrx_word' id='word_1_402' title='bbox 1337 1241 1364 1297; x_wconf 75' lang='grc' dir='ltr'><strong>ἓν</strong></span> <span class='ocrx_word' id='word_1_403' title='bbox 1378 1240 1451 1318; x_wconf 81' lang='grc' dir='ltr'>ἄλλῳ</span> <span class='ocrx_word' id='word_1_404' title='bbox 1474 1238 1661 1319; x_wconf 68' lang='grc' dir='ltr'>συγρροίμματι</span> <span class='ocrx_word' id='word_1_405' title='bbox 1678 1240 1737 1319; x_wconf 84' lang='grc' dir='ltr'>περὶ</span> 
     </span>
    </p>
   </div>
   <div class='ocr_carea' id='block_1_25' title="bbox 965 1318 1856 1408">
    <p class='ocr_par' dir='ltr' id='par_1_26' title="bbox 965 1318 1856 1408">
     <span class='ocr_line' id='line_1_59' title="bbox 965 1318 1856 1408; baseline 0 -25"><span class='ocrx_word' id='word_1_406' title='bbox 965 1325 1224 1402; x_wconf 80' lang='grc' dir='ltr'>Φυσιογνωμονικῶν</span> <span class='ocrx_word' id='word_1_407' title='bbox 1246 1327 1436 1407; x_wconf 73' lang='grc' dir='ltr'>θεωρημάτων,</span> <span class='ocrx_word' id='word_1_408' title='bbox 1456 1318 1492 1386; x_wconf 82' lang='grc' dir='ltr'><strong>ών</strong></span> <span class='ocrx_word' id='word_1_409' title='bbox 1515 1327 1560 1386; x_wconf 82' lang='grc' dir='ltr'><strong>καί</strong></span> <span class='ocrx_word' id='word_1_410' title='bbox 1588 1326 1737 1408; x_wconf 73' lang='grc' dir='ltr'>παρεθέμην</span> <span class='ocrx_word' id='word_1_411' title='bbox 1850 1365 1856 1374; x_wconf 81' lang='lat'><strong>·</strong></span> 
     </span>
    </p>
   </div>
   <div class='ocr_carea' id='block_1_26' title="bbox 964 1409 1742 2540">
    <p class='ocr_par' dir='ltr' id='par_1_27' title="bbox 964 1409 1742 2540">
     <span class='ocr_line' id='line_1_60' title="bbox 966 1409 1738 1496; baseline 0.004 -28"><span class='ocrx_word' id='word_1_412' title='bbox 966 1409 997 1468; x_wconf 76' lang='grc' dir='ltr'><strong>ἄν</strong></span> <span class='ocrx_word' id='word_1_413' title='bbox 1020 1434 1092 1479; x_wconf 90' lang='grc' dir='ltr'>τινας</span> <span class='ocrx_word' id='word_1_414' title='bbox 1107 1413 1204 1496; x_wconf 66' lang='grc' dir='ltr'>ῥήσεις,</span> <span class='ocrx_word' id='word_1_415' title='bbox 1217 1415 1241 1472; x_wconf 82' lang='lat' dir='ltr'><strong>sl</strong></span> <span class='ocrx_word' id='word_1_416' title='bbox 1261 1415 1330 1490; x_wconf 84' lang='grc' dir='ltr'>μήτε</span> <span class='ocrx_word' id='word_1_417' title='bbox 1347 1415 1524 1493; x_wconf 83' lang='grc' dir='ltr'>μακρολογίας</span> <span class='ocrx_word' id='word_1_418' title='bbox 1534 1415 1644 1490; x_wconf 78' lang='grc' dir='ltr'>ἔμελλον</span> <span class='ocrx_word' id='word_1_419' title='bbox 1660 1413 1738 1474; x_wconf 71' lang='grc' dir='ltr'>ἀποί-</span> 
     </span>
     <span class='ocr_line' id='line_1_61' title="bbox 965 1500 1739 1577; baseline 0.009 -22"><span class='ocrx_word' id='word_1_420' title='bbox 965 1503 1057 1557; x_wconf 84' lang='grc' dir='ltr'>σεσθαι</span> <span class='ocrx_word' id='word_1_421' title='bbox 1072 1500 1156 1569; x_wconf 82' lang='grc' dir='ltr'>δόξαν.</span> <span class='ocrx_word' id='word_1_422' title='bbox 1173 1501 1216 1558; x_wconf 88' lang='lat' dir='ltr'><strong>De</strong></span> <span class='ocrx_word' id='word_1_423' title='bbox 1237 1500 1292 1560; x_wconf 89' lang='lat' dir='ltr'><strong>hac</strong></span> <span class='ocrx_word' id='word_1_424' title='bbox 1306 1520 1377 1560; x_wconf 89' lang='lat' dir='ltr'><strong>vero</strong></span> <span class='ocrx_word' id='word_1_425' title='bbox 1392 1522 1424 1561; x_wconf 91' lang='lat' dir='ltr'><strong>re</strong></span> <span class='ocrx_word' id='word_1_426' title='bbox 1442 1503 1597 1577; x_wconf 87' lang='lat' dir='ltr'><strong>dubitatio,</strong></span> <span class='ocrx_word' id='word_1_427' title='bbox 1620 1505 1688 1562; x_wconf 88' lang='lat' dir='ltr'><strong>licet</strong></span> <span class='ocrx_word' id='word_1_428' title='bbox 1711 1517 1739 1562; x_wconf 90' lang='lat' dir='ltr'><strong>et</strong></span> 
     </span>
     <span class='ocr_line' id='line_1_62' title="bbox 964 1587 1740 1664; baseline 0.008 -21"><span class='ocrx_word' id='word_1_429' title='bbox 964 1587 1085 1647; x_wconf 87' lang='lat' dir='ltr'><strong>aliunde</strong></span> <span class='ocrx_word' id='word_1_430' title='bbox 1108 1600 1209 1661; x_wconf 89' lang='lat' dir='ltr'><strong>aucta,</strong></span> <span class='ocrx_word' id='word_1_431' title='bbox 1223 1609 1329 1648; x_wconf 74' lang='lat' dir='ltr'><strong>vereor</strong></span> <span class='ocrx_word' id='word_1_432' title='bbox 1346 1603 1378 1647; x_wconf 93' lang='lat' dir='ltr'><strong>ut</strong></span> <span class='ocrx_word' id='word_1_433' title='bbox 1392 1591 1488 1649; x_wconf 91' lang='lat' dir='ltr'><strong>omnis</strong></span> <span class='ocrx_word' id='word_1_434' title='bbox 1503 1591 1630 1664; x_wconf 90' lang='lat' dir='ltr'><strong>tollatur,</strong></span> <span class='ocrx_word' id='word_1_435' title='bbox 1652 1592 1693 1649; x_wconf 88' lang='lat' dir='ltr'><strong>ita</strong></span> <span class='ocrx_word' id='word_1_436' title='bbox 1709 1605 1740 1650; x_wconf 91' lang='lat' dir='ltr'><strong>ut</strong></span> 
     </span>
     <span class='ocr_line' id='line_1_63' title="bbox 966 1675 1739 1757; baseline 0.006 -26"><span class='ocrx_word' id='word_1_437' title='bbox 966 1675 1148 1735; x_wconf 88' lang='lat' dir='ltr'><strong>statuendum</strong></span> <span class='ocrx_word' id='word_1_438' title='bbox 1174 1677 1224 1747; x_wconf 89' lang='lat' dir='ltr'><strong>sit,</strong></span> <span class='ocrx_word' id='word_1_439' title='bbox 1239 1677 1265 1735; x_wconf 88' lang='lat' dir='ltr'><strong>si</strong></span> <span class='ocrx_word' id='word_1_440' title='bbox 1290 1696 1349 1735; x_wconf 92' lang='lat' dir='ltr'><strong>non</strong></span> <span class='ocrx_word' id='word_1_441' title='bbox 1371 1678 1451 1736; x_wconf 91' lang='lat' dir='ltr'><strong>omni</strong></span> <span class='ocrx_word' id='word_1_442' title='bbox 1471 1691 1552 1757; x_wconf 88' lang='lat' dir='ltr'><strong>parte</strong></span> <span class='ocrx_word' id='word_1_443' title='bbox 1579 1677 1739 1750; x_wconf 82' lang='lat' dir='ltr'><strong>diversum,</strong></span> 
     </span>
     <span class='ocr_line' id='line_1_64' title="bbox 966 1763 1738 1844; baseline 0.006 -26"><span class='ocrx_word' id='word_1_444' title='bbox 966 1773 995 1818; x_wconf 89' lang='lat' dir='ltr'><strong>at</strong></span> <span class='ocrx_word' id='word_1_445' title='bbox 1006 1763 1105 1820; x_wconf 87' lang='lat' dir='ltr'><strong>saltem</strong></span> <span class='ocrx_word' id='word_1_446' title='bbox 1112 1763 1312 1840; x_wconf 82' lang='lat' dir='ltr'><strong>integriorem,</strong></span> <span class='ocrx_word' id='word_1_447' title='bbox 1321 1763 1609 1822; x_wconf 78' lang='lat' dir='ltr'><strong>Aristotelisnominc</strong></span> <span class='ocrx_word' id='word_1_448' title='bbox 1617 1765 1738 1844; x_wconf 90' lang='lat' dir='ltr'><strong>inscrip-</strong></span> 
     </span>
     <span class='ocr_line' id='line_1_65' title="bbox 966 1850 1739 1930; baseline 0.005 -24"><span class='ocrx_word' id='word_1_449' title='bbox 966 1864 1027 1907; x_wconf 91' lang='lat' dir='ltr'><strong>tum</strong></span> <span class='ocrx_word' id='word_1_450' title='bbox 1048 1851 1084 1909; x_wconf 93' lang='lat' dir='ltr'><strong>de</strong></span> <span class='ocrx_word' id='word_1_451' title='bbox 1105 1850 1414 1928; x_wconf 75' lang='lat' dir='ltr'><strong>physiognomonicis,</strong></span> <span class='ocrx_word' id='word_1_452' title='bbox 1435 1853 1581 1912; x_wconf 85' lang='lat' dir='ltr'><strong>exstitisse</strong></span> <span class='ocrx_word' id='word_1_453' title='bbox 1593 1852 1739 1930; x_wconf 89' lang='lat' dir='ltr'><strong>quondam</strong></span> 
     </span>
     <span class='ocr_line' id='line_1_66' title="bbox 967 1937 1741 2017; baseline 0.005 -23"><span class='ocrx_word' id='word_1_454' title='bbox 967 1943 1131 2009; x_wconf 87' lang='lat' dir='ltr'><strong>tractatum,</strong></span> <span class='ocrx_word' id='word_1_455' title='bbox 1144 1958 1231 2017; x_wconf 87' lang='lat' dir='ltr'><strong>quam</strong></span> <span class='ocrx_word' id='word_1_456' title='bbox 1246 1939 1298 2017; x_wconf 89' lang='lat' dir='ltr'><strong>qui</strong></span> <span class='ocrx_word' id='word_1_457' title='bbox 1314 1939 1391 1997; x_wconf 90' lang='lat' dir='ltr'><strong>inter</strong></span> <span class='ocrx_word' id='word_1_458' title='bbox 1407 1938 1574 2017; x_wconf 82' lang='lat' dir='ltr'><strong>philosophi</strong></span> <span class='ocrx_word' id='word_1_459' title='bbox 1589 1937 1683 1997; x_wconf 91' lang='lat' dir='ltr'><strong>libros</strong></span> <span class='ocrx_word' id='word_1_460' title='bbox 1696 1959 1741 1998; x_wconf 88' lang='lat' dir='ltr'><strong>re·</strong></span> 
     </span>
     <span class='ocr_line' id='line_1_67' title="bbox 966 2027 1741 2106; baseline 0.004 -24"><span class='ocrx_word' id='word_1_461' title='bbox 966 2027 1089 2102; x_wconf 88' lang='lat' dir='ltr'><strong>peritur.</strong></span> <span class='ocrx_word' id='word_1_462' title='bbox 1104 2027 1278 2105; x_wconf 87' lang='lat' dir='ltr'><strong>Priusquam</strong></span> <span class='ocrx_word' id='word_1_463' title='bbox 1292 2046 1364 2086; x_wconf 83' lang='lat' dir='ltr'><strong>vero</strong></span> <span class='ocrx_word' id='word_1_464' title='bbox 1379 2027 1417 2085; x_wconf 98' lang='lat' dir='ltr'><strong>de</strong></span> <span class='ocrx_word' id='word_1_465' title='bbox 1432 2029 1497 2106; x_wconf 86' lang='lat' dir='ltr'><strong>ipso</strong></span> <span class='ocrx_word' id='word_1_466' title='bbox 1511 2039 1680 2103; x_wconf 82' lang='lat' dir='ltr'><strong>argumento</strong></span> <span class='ocrx_word' id='word_1_467' title='bbox 1691 2027 1741 2085; x_wconf 92' lang='lat' dir='ltr'><strong>di-</strong></span> 
     </span>
     <span class='ocr_line' id='line_1_68' title="bbox 966 2114 1739 2193; baseline 0.003 -24"><span class='ocrx_word' id='word_1_468' title='bbox 966 2131 1077 2185; x_wconf 88' lang='lat' dir='ltr'><strong>camus,</strong></span> <span class='ocrx_word' id='word_1_469' title='bbox 1087 2114 1167 2190; x_wconf 91' lang='lat' dir='ltr'><strong>quod</strong></span> <span class='ocrx_word' id='word_1_470' title='bbox 1178 2114 1214 2172; x_wconf 91' lang='lat' dir='ltr'><strong>ad</strong></span> <span class='ocrx_word' id='word_1_471' title='bbox 1229 2114 1314 2172; x_wconf 89' lang='lat' dir='ltr'><strong>talem</strong></span> <span class='ocrx_word' id='word_1_472' title='bbox 1329 2115 1497 2193; x_wconf 91' lang='lat' dir='ltr'><strong>opinionem</strong></span> <span class='ocrx_word' id='word_1_473' title='bbox 1511 2114 1739 2173; x_wconf 82' lang='lat' dir='ltr'><strong>confirmandam</strong></span> 
     </span>
     <span class='ocr_line' id='line_1_69' title="bbox 966 2199 1741 2281; baseline 0.005 -25"><span class='ocrx_word' id='word_1_474' title='bbox 966 2199 1066 2258; x_wconf 78' lang='lat' dir='ltr'><strong>afferri</strong></span> <span class='ocrx_word' id='word_1_475' title='bbox 1075 2213 1181 2279; x_wconf 88' lang='lat' dir='ltr'><strong>potest,</strong></span> <span class='ocrx_word' id='word_1_476' title='bbox 1201 2221 1293 2279; x_wconf 89' lang='lat' dir='ltr'><strong>pauca</strong></span> <span class='ocrx_word' id='word_1_477' title='bbox 1306 2202 1508 2281; x_wconf 74' lang='lat' dir='ltr'><strong>praemittenda</strong></span> <span class='ocrx_word' id='word_1_478' title='bbox 1521 2214 1606 2260; x_wconf 90' lang='lat' dir='ltr'><strong>erunt</strong></span> <span class='ocrx_word' id='word_1_479' title='bbox 1620 2201 1657 2261; x_wconf 97' lang='lat' dir='ltr'><strong>de</strong></span> <span class='ocrx_word' id='word_1_480' title='bbox 1676 2203 1741 2280; x_wconf 92' lang='lat' dir='ltr'><strong>ipso</strong></span> 
     </span>
     <span class='ocr_line' id='line_1_70' title="bbox 969 2285 1741 2367; baseline 0.005 -23"><span class='ocrx_word' id='word_1_481' title='bbox 969 2285 1084 2365; x_wconf 89' lang='lat' dir='ltr'><strong>libello,</strong></span> <span class='ocrx_word' id='word_1_482' title='bbox 1103 2309 1163 2367; x_wconf 91' lang='lat' dir='ltr'><strong>quo</strong></span> <span class='ocrx_word' id='word_1_483' title='bbox 1189 2289 1273 2364; x_wconf 89' lang='lat' dir='ltr'><strong>quasi</strong></span> <span class='ocrx_word' id='word_1_484' title='bbox 1295 2289 1483 2348; x_wconf 82' lang='lat' dir='ltr'><strong>fundamento</strong></span> <span class='ocrx_word' id='word_1_485' title='bbox 1511 2289 1624 2348; x_wconf 92' lang='lat' dir='ltr'><strong>nititur.</strong></span> <span class='ocrx_word' id='word_1_486' title='bbox 1650 2288 1741 2367; x_wconf 86' lang='lat' dir='ltr'><strong>Cujus</strong></span> 
     </span>
     <span class='ocr_line' id='line_1_71' title="bbox 965 2375 1742 2454; baseline 0.006 -23"><span class='ocrx_word' id='word_1_487' title='bbox 965 2394 1067 2450; x_wconf 91' lang='lat' dir='ltr'><strong>quum,</strong></span> <span class='ocrx_word' id='word_1_488' title='bbox 1088 2389 1154 2454; x_wconf 90' lang='lat' dir='ltr'><strong>post</strong></span> <span class='ocrx_word' id='word_1_489' title='bbox 1174 2394 1208 2434; x_wconf 92' lang='lat' dir='ltr'><strong>ea</strong></span> <span class='ocrx_word' id='word_1_490' title='bbox 1227 2395 1291 2454; x_wconf 85' lang='lat' dir='ltr'><strong>quae</strong></span> <span class='ocrx_word' id='word_1_491' title='bbox 1318 2376 1355 2435; x_wconf 92' lang='lat' dir='ltr'><strong>de</strong></span> <span class='ocrx_word' id='word_1_492' title='bbox 1372 2375 1437 2454; x_wconf 90' lang='lat' dir='ltr'><strong>ejus</strong></span> <span class='ocrx_word' id='word_1_493' title='bbox 1466 2377 1566 2436; x_wconf 91' lang='lat' dir='ltr'><strong>codice</strong></span> <span class='ocrx_word' id='word_1_494' title='bbox 1587 2375 1742 2436; x_wconf 76' lang='lat' dir='ltr'><strong>leodiensi</strong></span> 
     </span>
     <span class='ocr_line' id='line_1_72' title="bbox 966 2462 1742 2540; baseline 0.003 -22"><span class='ocrx_word' id='word_1_495' title='bbox 966 2462 1123 2521; x_wconf 87' lang='lat' dir='ltr'><strong>dictasunt</strong></span> <span class='ocrx_word' id='word_1_496' title='bbox 1136 2467 1191 2521; x_wconf 85' lang='lat' dir='ltr'><strong>aJ.</strong></span> <span class='ocrx_word' id='word_1_497' title='bbox 1207 2463 1243 2524; x_wconf 87' lang='lat' dir='ltr'><strong>ll.</strong></span> <span class='ocrx_word' id='word_1_498' title='bbox 1265 2464 1417 2537; x_wconf 81' lang='lat' dir='ltr'><strong>bormans,</strong></span> <span class='ocrx_word' id='word_1_499' title='bbox 1438 2467 1555 2540; x_wconf 85' lang='lat' dir='ltr'><strong>Compte</strong></span> <span class='ocrx_word' id='word_1_500' title='bbox 1563 2467 1652 2522; x_wconf 81' lang='lat' dir='ltr'><strong>reuda</strong></span> <span class='ocrx_word' id='word_1_501' title='bbox 1667 2467 1703 2521; x_wconf 82' lang='lat' dir='ltr'><strong>de</strong></span> <span class='ocrx_word' id='word_1_502' title='bbox 1713 2469 1742 2520; x_wconf 77' lang='lat' dir='ltr'><strong>ta</strong></span> 
     </span>
    </p>
   </div>
   <div class='ocr_carea' id='block_1_27' title="bbox 859 2552 1741 2631">
    <p class='ocr_par' dir='ltr' id='par_1_28' title="bbox 859 2552 1741 2631">
     <span class='ocr_line' id='line_1_73' title="bbox 859 2552 1741 2631; baseline 0.002 -25"><span class='ocrx_word' id='word_1_503' title='bbox 859 2569 864 2582; x_wconf 94' lang='lat'><em>·</em></span> <span class='ocrx_word' id='word_1_504' title='bbox 968 2554 1072 2610; x_wconf 88' lang='lat' dir='ltr'><strong>Comm.</strong></span> <span class='ocrx_word' id='word_1_505' title='bbox 1082 2553 1243 2626; x_wconf 83' lang='lat' dir='ltr'><strong>d’Hr&#39;stoire,</strong></span> <span class='ocrx_word' id='word_1_506' title='bbox 1253 2552 1414 2625; x_wconf 78' lang='lat' dir='ltr'><strong>bruxelles,</strong></span> <span class='ocrx_word' id='word_1_507' title='bbox 1430 2552 1517 2631; x_wconf 74' lang='lat'><strong>1852,</strong></span> <span class='ocrx_word' id='word_1_508' title='bbox 1528 2556 1644 2624; x_wconf 76' lang='lat' dir='ltr'><strong>n‘se&#39;rr&#39;e,</strong></span> <span class='ocrx_word' id='word_1_509' title='bbox 1657 2564 1677 2610; x_wconf 88' lang='lat' dir='ltr'><strong>t.</strong></span> <span class='ocrx_word' id='word_1_510' title='bbox 1692 2552 1741 2625; x_wconf 77' lang='lat' dir='ltr'><strong>lt,</strong></span> 
     </span>
    </p>
   </div>
   <div class='ocr_carea' id='block_1_28' title="bbox 968 2638 1785 4382">
    <p class='ocr_par' dir='ltr' id='par_1_29' title="bbox 968 2638 1785 4382">
     <span class='ocr_line' id='line_1_74' title="bbox 968 2638 1743 2715; baseline 0.004 -21"><span class='ocrx_word' id='word_1_511' title='bbox 968 2658 996 2714; x_wconf 94' lang='lat' dir='ltr'><strong>p.</strong></span> <span class='ocrx_word' id='word_1_512' title='bbox 1014 2639 1069 2694; x_wconf 79' lang='grc' dir='ltr'>ιεθ</span> <span class='ocrx_word' id='word_1_513' title='bbox 1081 2658 1125 2715; x_wconf 90' lang='lat' dir='ltr'><strong>sq.</strong></span> <span class='ocrx_word' id='word_1_514' title='bbox 1141 2638 1261 2697; x_wconf 89' lang='lat' dir='ltr'><strong>brevem</strong></span> <span class='ocrx_word' id='word_1_515' title='bbox 1275 2642 1409 2698; x_wconf 88' lang='lat' dir='ltr'><strong>notitiam</strong></span> <span class='ocrx_word' id='word_1_516' title='bbox 1425 2640 1551 2700; x_wconf 88' lang='lat' dir='ltr'><strong>dedisset</strong></span> <span class='ocrx_word' id='word_1_517' title='bbox 1564 2641 1646 2698; x_wconf 89' lang='lat' dir='ltr'><strong>Dom.</strong></span> <span class='ocrx_word' id='word_1_518' title='bbox 1660 2640 1743 2698; x_wconf 87' lang='lat' dir='ltr'><strong>Pitra</strong></span> 
     </span>
     <span class='ocr_line' id='line_1_75' title="bbox 968 2726 1742 2806; baseline 0.005 -24"><span class='ocrx_word' id='word_1_519' title='bbox 968 2726 998 2782; x_wconf 90' lang='lat' dir='ltr'><strong>in</strong></span> <span class='ocrx_word' id='word_1_520' title='bbox 1018 2729 1169 2804; x_wconf 81' lang='lat' dir='ltr'><strong>Spicilegio</strong></span> <span class='ocrx_word' id='word_1_521' title='bbox 1186 2729 1362 2799; x_wconf 81' lang='lat' dir='ltr'><strong>Solesmerrsi‚</strong></span> <span class='ocrx_word' id='word_1_522' title='bbox 1376 2741 1397 2783; x_wconf 92' lang='lat' dir='ltr'><strong>t.</strong></span> <span class='ocrx_word' id='word_1_523' title='bbox 1417 2726 1471 2799; x_wconf 87' lang='lat' dir='ltr'><strong>lli,</strong></span> <span class='ocrx_word' id='word_1_524' title='bbox 1484 2748 1515 2806; x_wconf 87' lang='lat' dir='ltr'><strong>p.</strong></span> <span class='ocrx_word' id='word_1_525' title='bbox 1539 2727 1614 2799; x_wconf 76' lang='lat'><strong>321,</strong></span> <span class='ocrx_word' id='word_1_526' title='bbox 1631 2741 1742 2806; x_wconf 90' lang='lat' dir='ltr'><strong>partem</strong></span> 
     </span>
     <span class='ocr_line' id='line_1_76' title="bbox 968 2812 1744 2892; baseline 0.008 -23"><span class='ocrx_word' id='word_1_527' title='bbox 968 2812 1059 2870; x_wconf 89' lang='lat' dir='ltr'><strong>edidit</strong></span> <span class='ocrx_word' id='word_1_528' title='bbox 1076 2813 1192 2891; x_wconf 82' lang='lat' dir='ltr'><strong>llosius,</strong></span> <span class='ocrx_word' id='word_1_529' title='bbox 1207 2815 1334 2892; x_wconf 90' lang='lat' dir='ltr'><strong>primum</strong></span> <span class='ocrx_word' id='word_1_530' title='bbox 1348 2817 1379 2871; x_wconf 91' lang='lat' dir='ltr'><strong>in</strong></span> <span class='ocrx_word' id='word_1_531' title='bbox 1401 2818 1546 2872; x_wconf 83' lang='lat' dir='ltr'><strong>Aristotele</strong></span> <span class='ocrx_word' id='word_1_532' title='bbox 1563 2819 1744 2892; x_wconf 78' lang='lat' dir='ltr'><strong>Preudepigr.</strong></span> 
     </span>
     <span class='ocr_line' id='line_1_77' title="bbox 969 2899 1746 2978; baseline 0.003 -22"><span class='ocrx_word' id='word_1_533' title='bbox 969 2921 998 2976; x_wconf 91' lang='lat' dir='ltr'><strong>p.</strong></span> <span class='ocrx_word' id='word_1_534' title='bbox 1011 2902 1069 2972; x_wconf 84' lang='lat'><strong>676</strong></span> <span class='ocrx_word' id='word_1_535' title='bbox 1083 2919 1156 2978; x_wconf 75' lang='lat' dir='ltr'><strong>sqq,</strong></span> <span class='ocrx_word' id='word_1_536' title='bbox 1181 2920 1252 2958; x_wconf 82' lang='lat' dir='ltr'><strong>mox</strong></span> <span class='ocrx_word' id='word_1_537' title='bbox 1266 2919 1338 2958; x_wconf 83' lang='lat' dir='ltr'><strong>vero</strong></span> <span class='ocrx_word' id='word_1_538' title='bbox 1357 2901 1502 2977; x_wconf 83' lang='lat' dir='ltr'><strong>integrum</strong></span> <span class='ocrx_word' id='word_1_539' title='bbox 1517 2899 1550 2958; x_wconf 91' lang='lat' dir='ltr'><strong>in</strong></span> <span class='ocrx_word' id='word_1_540' title='bbox 1564 2901 1656 2958; x_wconf 90' lang='lat' dir='ltr'><strong>lucem</strong></span> <span class='ocrx_word' id='word_1_541' title='bbox 1671 2919 1688 2958; x_wconf 89' lang='lat' dir='ltr'><strong>e</strong></span> <span class='ocrx_word' id='word_1_542' title='bbox 1701 2900 1746 2958; x_wconf 93' lang='lat' dir='ltr'><strong>bi·</strong></span> 
     </span>
     <span class='ocr_line' id='line_1_78' title="bbox 971 2985 1746 3066; baseline 0.001 -22"><span class='ocrx_word' id='word_1_543' title='bbox 971 2985 1183 3046; x_wconf 89' lang='lat' dir='ltr'><strong>bliothecarum</strong></span> <span class='ocrx_word' id='word_1_544' title='bbox 1214 2987 1342 3046; x_wconf 90' lang='lat' dir='ltr'><strong>tenebris</strong></span> <span class='ocrx_word' id='word_1_545' title='bbox 1367 2990 1524 3066; x_wconf 79' lang='lat' dir='ltr'><strong>protraxit,</strong></span> <span class='ocrx_word' id='word_1_546' title='bbox 1544 2989 1576 3046; x_wconf 91' lang='lat' dir='ltr'><strong>in</strong></span> <span class='ocrx_word' id='word_1_547' title='bbox 1598 2993 1746 3046; x_wconf 82' lang='lat' dir='ltr'><strong>Anecdotr&#39;s</strong></span> 
     </span>
     <span class='ocr_line' id='line_1_79' title="bbox 969 3075 1741 3155; baseline 0.005 -24"><span class='ocrx_word' id='word_1_548' title='bbox 969 3083 1069 3151; x_wconf 81' lang='lat' dir='ltr'><strong>groecis</strong></span> <span class='ocrx_word' id='word_1_549' title='bbox 1080 3089 1107 3132; x_wconf 84' lang='lat' dir='ltr'><strong>et</strong></span> <span class='ocrx_word' id='word_1_550' title='bbox 1120 3081 1332 3150; x_wconf 67' lang='lat' dir='ltr'><strong>gresso-latinis,</strong></span> <span class='ocrx_word' id='word_1_551' title='bbox 1345 3075 1440 3136; x_wconf 85' lang='lat' dir='ltr'><strong>Bercl.</strong></span> <span class='ocrx_word' id='word_1_552' title='bbox 1461 3078 1546 3150; x_wconf 80' lang='grc'><strong>1864,</strong></span> <span class='ocrx_word' id='word_1_553' title='bbox 1564 3096 1595 3155; x_wconf 94' lang='lat' dir='ltr'><strong>p.</strong></span> <span class='ocrx_word' id='word_1_554' title='bbox 1611 3077 1647 3134; x_wconf 85' lang='lat'><strong>61</strong></span> <span class='ocrx_word' id='word_1_555' title='bbox 1663 3096 1741 3154; x_wconf 73' lang='lat' dir='ltr'><strong>sqq,</strong></span> 
     </span>
     <span class='ocr_line' id='line_1_80' title="bbox 971 3163 1746 3243; baseline 0.003 -24"><span class='ocrx_word' id='word_1_556' title='bbox 971 3163 1028 3221; x_wconf 88' lang='lat' dir='ltr'><strong>hoc</strong></span> <span class='ocrx_word' id='word_1_557' title='bbox 1049 3163 1200 3242; x_wconf 82' lang='lat' dir='ltr'><strong>praemisso</strong></span> <span class='ocrx_word' id='word_1_558' title='bbox 1214 3164 1300 3223; x_wconf 83' lang='lat' dir='ltr'><strong>tilulo</strong></span> <span class='ocrx_word' id='word_1_559' title='bbox 1321 3168 1398 3222; x_wconf 78' lang='lat' dir='ltr'><strong>:Dte</strong></span> <span class='ocrx_word' id='word_1_560' title='bbox 1421 3167 1674 3243; x_wconf 80' lang='lat' dir='ltr'><strong>Physiognomortt&#39;a</strong></span> <span class='ocrx_word' id='word_1_561' title='bbox 1696 3168 1746 3221; x_wconf 84' lang='lat' dir='ltr'><strong>des</strong></span> 
     </span>
     <span class='ocr_line' id='line_1_81' title="bbox 972 3254 1744 3329; baseline 0.001 -22"><span class='ocrx_word' id='word_1_562' title='bbox 972 3255 1108 3329; x_wconf 82' lang='lat' dir='ltr'><strong>Apulcjttr</strong></span> <span class='ocrx_word' id='word_1_563' title='bbox 1131 3254 1204 3308; x_wconf 80' lang='lat' dir='ltr'><strong>nach</strong></span> <span class='ocrx_word' id='word_1_564' title='bbox 1231 3255 1363 3310; x_wconf 81' lang='lat' dir='ltr'><strong>Polemon</strong></span> <span class='ocrx_word' id='word_1_565' title='bbox 1387 3259 1439 3309; x_wconf 89' lang='lat' dir='ltr'><strong>mt&#39;t</strong></span> <span class='ocrx_word' id='word_1_566' title='bbox 1458 3257 1595 3312; x_wconf 80' lang='lat' dir='ltr'><strong>Zurtitzerr</strong></span> <span class='ocrx_word' id='word_1_567' title='bbox 1612 3274 1664 3308; x_wconf 83' lang='lat' dir='ltr'><strong>rurs</strong></span> <span class='ocrx_word' id='word_1_568' title='bbox 1688 3257 1744 3309; x_wconf 83' lang='lat' dir='ltr'><strong>Eu·</strong></span> 
     </span>
     <span class='ocr_line' id='line_1_82' title="bbox 971 3341 1785 3418; baseline 0.004 -22"><span class='ocrx_word' id='word_1_569' title='bbox 971 3343 1061 3396; x_wconf 72' lang='lat' dir='ltr'><strong>dorus</strong></span> <span class='ocrx_word' id='word_1_570' title='bbox 1084 3345 1143 3397; x_wconf 82' lang='lat' dir='ltr'><strong>und</strong></span> <span class='ocrx_word' id='word_1_571' title='bbox 1163 3345 1338 3399; x_wconf 81' lang='lat' dir='ltr'><strong>Aristoteles.</strong></span> <span class='ocrx_word' id='word_1_572' title='bbox 1360 3341 1478 3418; x_wconf 75' lang='lat' dir='ltr'><strong>dpulcji</strong></span> <span class='ocrx_word' id='word_1_573' title='bbox 1500 3360 1607 3399; x_wconf 81' lang='lat' dir='ltr'><strong>nonsen</strong></span> <span class='ocrx_word' id='word_1_574' title='bbox 1620 3341 1690 3400; x_wconf 91' lang='lat' dir='ltr'><strong>huic</strong></span> <span class='ocrx_word' id='word_1_575' title='bbox 1709 3343 1746 3399; x_wconf 91' lang='lat' dir='ltr'><strong>li·</strong></span> <span class='ocrx_word' id='word_1_576' title='bbox 1783 3358 1785 3361; x_wconf 86' lang='grc'><strong><em>·</em></strong></span> 
     </span>
     <span class='ocr_line' id='line_1_83' title="bbox 971 3425 1747 3506; baseline 0.003 -22"><span class='ocrx_word' id='word_1_577' title='bbox 971 3425 1062 3502; x_wconf 84' lang='lat' dir='ltr'><strong>bello,</strong></span> <span class='ocrx_word' id='word_1_578' title='bbox 1073 3446 1128 3486; x_wconf 88' lang='lat' dir='ltr'><strong>nec</strong></span> <span class='ocrx_word' id='word_1_579' title='bbox 1148 3428 1270 3487; x_wconf 87' lang='lat' dir='ltr'><strong>fortasse</strong></span> <span class='ocrx_word' id='word_1_580' title='bbox 1285 3427 1446 3501; x_wconf 89' lang='lat' dir='ltr'><strong>immerito,</strong></span> <span class='ocrx_word' id='word_1_581' title='bbox 1465 3448 1500 3486; x_wconf 85' lang='lat' dir='ltr'><strong>ex</strong></span> <span class='ocrx_word' id='word_1_582' title='bbox 1515 3429 1637 3506; x_wconf 88' lang='lat' dir='ltr'><strong>antiquo</strong></span> <span class='ocrx_word' id='word_1_583' title='bbox 1649 3428 1747 3486; x_wconf 88' lang='lat' dir='ltr'><strong>indice</strong></span> 
     </span>
     <span class='ocr_line' id='line_1_84' title="bbox 972 3513 1748 3592; baseline -0.003 -18"><span class='ocrx_word' id='word_1_584' title='bbox 972 3516 1100 3575; x_wconf 86' lang='lat' dir='ltr'><strong>adscribi</strong></span> <span class='ocrx_word' id='word_1_585' title='bbox 1124 3517 1154 3574; x_wconf 91' lang='lat' dir='ltr'><strong>in</strong></span> <span class='ocrx_word' id='word_1_586' title='bbox 1170 3515 1271 3574; x_wconf 90' lang='lat' dir='ltr'><strong>codice</strong></span> <span class='ocrx_word' id='word_1_587' title='bbox 1291 3515 1448 3572; x_wconf 84' lang='lat' dir='ltr'><strong>Harleiano</strong></span> <span class='ocrx_word' id='word_1_588' title='bbox 1472 3516 1560 3592; x_wconf 85' lang='lat'><strong>3960,</strong></span> <span class='ocrx_word' id='word_1_589' title='bbox 1578 3513 1748 3572; x_wconf 81' lang='lat' dir='ltr'><strong>observarit</strong></span> 
     </span>
     <span class='ocr_line' id='line_1_85' title="bbox 969 3602 1747 3681; baseline -0.003 -19"><span class='ocrx_word' id='word_1_590' title='bbox 969 3605 1029 3681; x_wconf 87' lang='lat' dir='ltr'><strong>jam</strong></span> <span class='ocrx_word' id='word_1_591' title='bbox 1045 3605 1078 3661; x_wconf 90' lang='lat' dir='ltr'><strong>D.</strong></span> <span class='ocrx_word' id='word_1_592' title='bbox 1093 3603 1174 3662; x_wconf 90' lang='lat' dir='ltr'><strong>Pitra</strong></span> <span class='ocrx_word' id='word_1_593' title='bbox 1188 3605 1209 3661; x_wconf 93' lang='lat' dir='ltr'><strong>l.</strong></span> <span class='ocrx_word' id='word_1_594' title='bbox 1224 3604 1249 3676; x_wconf 92' lang='lat' dir='ltr'><strong>l,</strong></span> <span class='ocrx_word' id='word_1_595' title='bbox 1265 3603 1308 3661; x_wconf 88' lang='lat' dir='ltr'><strong>De</strong></span> <span class='ocrx_word' id='word_1_596' title='bbox 1328 3602 1382 3660; x_wconf 85' lang='lat' dir='ltr'><strong>hac</strong></span> <span class='ocrx_word' id='word_1_597' title='bbox 1396 3613 1493 3660; x_wconf 66' lang='lat' dir='ltr'><strong>umen</strong></span> <span class='ocrx_word' id='word_1_598' title='bbox 1508 3623 1539 3661; x_wconf 93' lang='lat' dir='ltr'><strong>re</strong></span> <span class='ocrx_word' id='word_1_599' title='bbox 1552 3603 1651 3660; x_wconf 83' lang='lat' dir='ltr'><strong>rideat</strong></span> <span class='ocrx_word' id='word_1_600' title='bbox 1672 3603 1747 3660; x_wconf 81' lang='lat' dir='ltr'><strong>lutu-</strong></span> 
     </span>
     <span class='ocr_line' id='line_1_86' title="bbox 973 3689 1746 3768; baseline 0.003 -22"><span class='ocrx_word' id='word_1_601' title='bbox 973 3710 1023 3748; x_wconf 89' lang='lat' dir='ltr'><strong>rus</strong></span> <span class='ocrx_word' id='word_1_602' title='bbox 1043 3693 1216 3768; x_wconf 87' lang='lat' dir='ltr'><strong>scriptorum</strong></span> <span class='ocrx_word' id='word_1_603' title='bbox 1239 3707 1401 3766; x_wconf 75' lang='lat' dir='ltr'><strong>grecorum</strong></span> <span class='ocrx_word' id='word_1_604' title='bbox 1423 3689 1466 3748; x_wconf 81' lang='lat' dir='ltr'><strong>de&#39;</strong></span> <span class='ocrx_word' id='word_1_605' title='bbox 1478 3689 1746 3766; x_wconf 77' lang='lat' dir='ltr'><strong>Physiognomonia</strong></span> 
     </span>
     <span class='ocr_line' id='line_1_87' title="bbox 974 3775 1747 3849; baseline 0.001 -15"><span class='ocrx_word' id='word_1_606' title='bbox 974 3777 1077 3849; x_wconf 87' lang='lat' dir='ltr'><strong>editor,</strong></span> <span class='ocrx_word' id='word_1_607' title='bbox 1092 3778 1209 3836; x_wconf 87' lang='lat' dir='ltr'><strong>interim</strong></span> <span class='ocrx_word' id='word_1_608' title='bbox 1223 3797 1294 3836; x_wconf 85' lang='lat' dir='ltr'><strong>vero</strong></span> <span class='ocrx_word' id='word_1_609' title='bbox 1305 3776 1441 3836; x_wconf 88' lang='lat' dir='ltr'><strong>satiserit</strong></span> <span class='ocrx_word' id='word_1_610' title='bbox 1454 3775 1650 3835; x_wconf 88' lang='lat' dir='ltr'><strong>doctissimam</strong></span> <span class='ocrx_word' id='word_1_611' title='bbox 1666 3775 1747 3835; x_wconf 84' lang='lat' dir='ltr'><strong>liosii</strong></span> 
     </span>
     <span class='ocr_line' id='line_1_88' title="bbox 976 3861 1748 3940; baseline 0 -20"><span class='ocrx_word' id='word_1_612' title='bbox 976 3865 1246 3923; x_wconf 88' lang='lat' dir='ltr'><strong>commentationem</strong></span> <span class='ocrx_word' id='word_1_613' title='bbox 1262 3865 1344 3923; x_wconf 88' lang='lat' dir='ltr'><strong>adire</strong></span> <span class='ocrx_word' id='word_1_614' title='bbox 1358 3865 1389 3920; x_wconf 93' lang='lat' dir='ltr'><strong>in</strong></span> <span class='ocrx_word' id='word_1_615' title='bbox 1403 3882 1462 3940; x_wconf 86' lang='lat' dir='ltr'><strong>quo</strong></span> <span class='ocrx_word' id='word_1_616' title='bbox 1480 3864 1596 3940; x_wconf 80' lang='lat' dir='ltr'><strong>egregie</strong></span> <span class='ocrx_word' id='word_1_617' title='bbox 1606 3863 1642 3921; x_wconf 90' lang='lat' dir='ltr'><strong>de</strong></span> <span class='ocrx_word' id='word_1_618' title='bbox 1653 3861 1748 3921; x_wconf 91' lang='lat' dir='ltr'><strong>libelli</strong></span> 
     </span>
     <span class='ocr_line' id='line_1_89' title="bbox 975 3949 1747 4031; baseline 0 -25"><span class='ocrx_word' id='word_1_619' title='bbox 975 3963 1094 4008; x_wconf 89' lang='lat' dir='ltr'><strong>auctore</strong></span> <span class='ocrx_word' id='word_1_620' title='bbox 1107 3951 1229 4031; x_wconf 89' lang='lat' dir='ltr'><strong>ejusque</strong></span> <span class='ocrx_word' id='word_1_621' title='bbox 1242 3952 1370 4011; x_wconf 85' lang='lat' dir='ltr'><strong>lontibus</strong></span> <span class='ocrx_word' id='word_1_622' title='bbox 1386 3949 1562 4028; x_wconf 80' lang='lat' dir='ltr'><strong>disputarit,</strong></span> <span class='ocrx_word' id='word_1_623' title='bbox 1578 3963 1607 4009; x_wconf 86' lang='lat' dir='ltr'><strong>et</strong></span> <span class='ocrx_word' id='word_1_624' title='bbox 1629 3950 1747 4028; x_wconf 89' lang='lat' dir='ltr'><strong>quidem</strong></span> 
     </span>
     <span class='ocr_line' id='line_1_90' title="bbox 975 4037 1746 4115; baseline 0.001 -21"><span class='ocrx_word' id='word_1_625' title='bbox 975 4037 1015 4097; x_wconf 90' lang='lat' dir='ltr'><strong>ita</strong></span> <span class='ocrx_word' id='word_1_626' title='bbox 1027 4051 1059 4097; x_wconf 91' lang='lat' dir='ltr'><strong>ut</strong></span> <span class='ocrx_word' id='word_1_627' title='bbox 1072 4043 1140 4097; x_wconf 85' lang='lat' dir='ltr'><strong>satis</strong></span> <span class='ocrx_word' id='word_1_628' title='bbox 1154 4041 1304 4098; x_wconf 91' lang='lat' dir='ltr'><strong>commode</strong></span> <span class='ocrx_word' id='word_1_629' title='bbox 1313 4039 1537 4114; x_wconf 88' lang='lat' dir='ltr'><strong>demonstraret,</strong></span> <span class='ocrx_word' id='word_1_630' title='bbox 1551 4039 1633 4097; x_wconf 88' lang='lat' dir='ltr'><strong>illum</strong></span> <span class='ocrx_word' id='word_1_631' title='bbox 1648 4038 1746 4115; x_wconf 85' lang='lat' dir='ltr'><strong>saepis·</strong></span> 
     </span>
     <span class='ocr_line' id='line_1_91' title="bbox 975 4126 1748 4202; baseline 0.004 -19"><span class='ocrx_word' id='word_1_632' title='bbox 975 4126 1049 4184; x_wconf 84' lang='lat' dir='ltr'><strong>sitne</strong></span> <span class='ocrx_word' id='word_1_633' title='bbox 1061 4129 1241 4188; x_wconf 88' lang='lat' dir='ltr'><strong>nominatum</strong></span> <span class='ocrx_word' id='word_1_634' title='bbox 1255 4129 1381 4202; x_wconf 62' lang='lat' dir='ltr'><strong>haum,</strong></span> <span class='ocrx_word' id='word_1_635' title='bbox 1394 4128 1539 4188; x_wconf 89' lang='lat' dir='ltr'><strong>neminem</strong></span> <span class='ocrx_word' id='word_1_636' title='bbox 1555 4129 1643 4187; x_wconf 84' lang='lat' dir='ltr'><strong>alium</strong></span> <span class='ocrx_word' id='word_1_637' title='bbox 1660 4128 1748 4186; x_wconf 80' lang='lat' dir='ltr'><strong>fuisse</strong></span> 
     </span>
     <span class='ocr_line' id='line_1_92' title="bbox 976 4215 1747 4292; baseline 0.005 -22"><span class='ocrx_word' id='word_1_638' title='bbox 976 4234 1062 4291; x_wconf 87' lang='lat' dir='ltr'><strong>qnam</strong></span> <span class='ocrx_word' id='word_1_639' title='bbox 1089 4215 1241 4274; x_wconf 83' lang='lat' dir='ltr'><strong>Eudoxum</strong></span> <span class='ocrx_word' id='word_1_640' title='bbox 1266 4217 1411 4275; x_wconf 89' lang='lat' dir='ltr'><strong>medicum</strong></span> <span class='ocrx_word' id='word_1_641' title='bbox 1438 4216 1570 4275; x_wconf 87' lang='lat' dir='ltr'><strong>Platonis</strong></span> <span class='ocrx_word' id='word_1_642' title='bbox 1598 4217 1747 4292; x_wconf 75' lang='lat' dir='ltr'><strong>aequalem,</strong></span> 
     </span>
     <span class='ocr_line' id='line_1_93' title="bbox 977 4302 1266 4382; baseline 0.021 -24"><span class='ocrx_word' id='word_1_643' title='bbox 977 4302 1013 4361; x_wconf 88' lang='lat' dir='ltr'><strong>cs.</strong></span> <span class='ocrx_word' id='word_1_644' title='bbox 1030 4302 1049 4362; x_wconf 92' lang='lat' dir='ltr'><strong>l.</strong></span> <span class='ocrx_word' id='word_1_645' title='bbox 1066 4303 1086 4363; x_wconf 90' lang='grc'><strong>1.</strong></span> <span class='ocrx_word' id='word_1_646' title='bbox 1103 4324 1133 4381; x_wconf 92' lang='lat' dir='ltr'><strong>p.</strong></span> <span class='ocrx_word' id='word_1_647' title='bbox 1148 4305 1185 4360; x_wconf 83' lang='lat'><strong>80</strong></span> <span class='ocrx_word' id='word_1_648' title='bbox 1200 4324 1266 4382; x_wconf 89' lang='lat' dir='ltr'><strong>sqq.</strong></span> 
     </span>
    </p>
   </div>
   <div class='ocr_carea' id='block_1_29' title="bbox 976 4452 1748 4619">
    <p class='ocr_par' dir='ltr' id='par_1_30' title="bbox 976 4452 1748 4619">
     <span class='ocr_line' id='line_1_94' title="bbox 976 4452 1748 4531; baseline -0.003 -13"><span class='ocrx_word' id='word_1_649' title='bbox 976 4468 1018 4518; x_wconf 88' lang='lat' dir='ltr'><strong>sed</strong></span> <span class='ocrx_word' id='word_1_650' title='bbox 1035 4483 1134 4518; x_wconf 86' lang='lat' dir='ltr'><strong>carnosa</strong></span> <span class='ocrx_word' id='word_1_651' title='bbox 1147 4452 1211 4531; x_wconf 84' lang='lat' dir='ltr'><strong>sunt,</strong></span> <span class='ocrx_word' id='word_1_652' title='bbox 1226 4469 1271 4518; x_wconf 83' lang='lat' dir='ltr'><strong>alia</strong></span> <span class='ocrx_word' id='word_1_653' title='bbox 1289 4481 1348 4518; x_wconf 82' lang='lat' dir='ltr'><strong>vero</strong></span> <span class='ocrx_word' id='word_1_654' title='bbox 1359 4469 1478 4518; x_wconf 87' lang='lat' dir='ltr'><strong>distinctis</strong></span> <span class='ocrx_word' id='word_1_655' title='bbox 1492 4471 1622 4518; x_wconf 67' lang='lat' dir='ltr'><strong>comuntur</strong></span> <span class='ocrx_word' id='word_1_656' title='bbox 1634 4468 1748 4517; x_wconf 87' lang='lat' dir='ltr'><strong>membris</strong></span> 
     </span>
     <span class='ocr_line' id='line_1_95' title="bbox 977 4555 1745 4619; baseline -0.001 -14"><span class='ocrx_word' id='word_1_657' title='bbox 977 4555 1019 4605; x_wconf 86' lang='lat' dir='ltr'><strong>sed</strong></span> <span class='ocrx_word' id='word_1_658' title='bbox 1032 4556 1149 4606; x_wconf 86' lang='lat' dir='ltr'><strong>imbecilla</strong></span> <span class='ocrx_word' id='word_1_659' title='bbox 1157 4557 1349 4617; x_wconf 81' lang='lat' dir='ltr'><strong>sunt;noonnlla</strong></span> <span class='ocrx_word' id='word_1_660' title='bbox 1357 4567 1414 4607; x_wconf 81' lang='lat' dir='ltr'><strong>vero</strong></span> <span class='ocrx_word' id='word_1_661' title='bbox 1424 4556 1546 4619; x_wconf 86' lang='lat' dir='ltr'><strong>prioribus</strong></span> <span class='ocrx_word' id='word_1_662' title='bbox 1559 4557 1615 4605; x_wconf 87' lang='lat' dir='ltr'><strong>sunt</strong></span> <span class='ocrx_word' id='word_1_663' title='bbox 1623 4555 1745 4605; x_wconf 75' lang='lat' dir='ltr'><strong>ratnltora.</strong></span> 
     </span>
    </p>
   </div>
   <div class='ocr_carea' id='block_1_30' title="bbox 1351 4675 1374 4720">
    <p class='ocr_par' dir='ltr' id='par_1_31' title="bbox 1351 4675 1374 4720">
     <span class='ocr_line' id='line_1_96' title="bbox 1351 4675 1374 4720; baseline -0.087 0"><span class='ocrx_word' id='word_1_664' title='bbox 1351 4675 1374 4720; x_wconf 80' lang='lat'><strong>5.</strong></span> 
     </span>
    </p>
   </div>
   <div class='ocr_carea' id='block_1_31' title="bbox 978 4782 1747 4937">
    <p class='ocr_par' dir='ltr' id='par_1_32' title="bbox 978 4782 1747 4937">
     <span class='ocr_line' id='line_1_97' title="bbox 1007 4782 1747 4848; baseline -0.004 -14"><span class='ocrx_word' id='word_1_665' title='bbox 1007 4785 1147 4835; x_wconf 76' lang='lat' dir='ltr'><strong>aristoteles</strong></span> <span class='ocrx_word' id='word_1_666' title='bbox 1161 4785 1264 4848; x_wconf 89' lang='lat' dir='ltr'><strong>primum</strong></span> <span class='ocrx_word' id='word_1_667' title='bbox 1278 4782 1373 4834; x_wconf 86' lang='lat' dir='ltr'><strong>lumbos</strong></span> <span class='ocrx_word' id='word_1_668' title='bbox 1387 4784 1412 4832; x_wconf 92' lang='lat' dir='ltr'><strong>in</strong></span> <span class='ocrx_word' id='word_1_669' title='bbox 1428 4787 1497 4833; x_wconf 89' lang='lat' dir='ltr'><strong>ntcro</strong></span> <span class='ocrx_word' id='word_1_670' title='bbox 1507 4782 1598 4833; x_wconf 82' lang='lat' dir='ltr'><strong>absolvi</strong></span> <span class='ocrx_word' id='word_1_671' title='bbox 1610 4783 1676 4844; x_wconf 87' lang='lat' dir='ltr'><strong>dicit,</strong></span> <span class='ocrx_word' id='word_1_672' title='bbox 1689 4784 1747 4832; x_wconf 63' lang='lat' dir='ltr'><strong>lam&lt;</strong></span> 
     </span>
     <span class='ocr_line' id='line_1_98' title="bbox 978 4872 1513 4937; baseline -0.007 -14"><span class='ocrx_word' id='word_1_673' title='bbox 978 4887 1050 4937; x_wconf 83' lang='lat' dir='ltr'><strong>quam</strong></span> <span class='ocrx_word' id='word_1_674' title='bbox 1061 4872 1168 4923; x_wconf 87' lang='lat' dir='ltr'><strong>carinam</strong></span> <span class='ocrx_word' id='word_1_675' title='bbox 1179 4872 1256 4922; x_wconf 87' lang='lat' dir='ltr'><strong>navia.</strong></span> <span class='ocrx_word' id='word_1_676' title='bbox 1509 4880 1513 4888; x_wconf 92' lang='grc'><strong><em>·</em></strong></span> 
     </span>
    </p>
   </div>
   <div class='ocr_carea' id='block_1_32' title="bbox 1348 4991 1371 5036">
    <p class='ocr_par' dir='ltr' id='par_1_33' title="bbox 1348 4991 1371 5036">
     <span class='ocr_line' id='line_1_99' title="bbox 1348 4991 1371 5036; baseline -0.043 0"><span class='ocrx_word' id='word_1_677' title='bbox 1348 4991 1371 5036; x_wconf 90' lang='lat'><strong>7.</strong></span> 
     </span>
    </p>
   </div>
   <div class='ocr_carea' id='block_1_33' title="bbox 977 5093 1748 5252">
    <p class='ocr_par' dir='ltr' id='par_1_34' title="bbox 977 5093 1748 5252">
     <span class='ocr_line' id='line_1_100' title="bbox 1007 5093 1748 5163; baseline -0.009 -13"><span class='ocrx_word' id='word_1_678' title='bbox 1007 5105 1035 5150; x_wconf 95' lang='lat' dir='ltr'><strong>ln</strong></span> <span class='ocrx_word' id='word_1_679' title='bbox 1049 5101 1169 5152; x_wconf 86' lang='lat' dir='ltr'><strong>nonnuliis</strong></span> <span class='ocrx_word' id='word_1_680' title='bbox 1179 5100 1244 5150; x_wconf 85' lang='lat' dir='ltr'><strong>idem</strong></span> <span class='ocrx_word' id='word_1_681' title='bbox 1254 5102 1290 5150; x_wconf 87' lang='lat' dir='ltr'><strong>est</strong></span> <span class='ocrx_word' id='word_1_682' title='bbox 1302 5098 1455 5163; x_wconf 75' lang='lat' dir='ltr'><strong>intelligentia</strong></span> <span class='ocrx_word' id='word_1_683' title='bbox 1465 5101 1489 5148; x_wconf 91' lang='lat' dir='ltr'><strong>et</strong></span> <span class='ocrx_word' id='word_1_684' title='bbox 1498 5109 1536 5147; x_wconf 84' lang='lat' dir='ltr'><strong>res</strong></span> <span class='ocrx_word' id='word_1_685' title='bbox 1550 5093 1748 5158; x_wconf 60' lang='lat' dir='ltr'><strong>intelligibilem</strong></span> 
     </span>
     <span class='ocr_line' id='line_1_101' title="bbox 977 5186 1487 5252; baseline -0.004 -14"><span class='ocrx_word' id='word_1_686' title='bbox 977 5191 1000 5238; x_wconf 88' lang='lat' dir='ltr'><strong>in</strong></span> <span class='ocrx_word' id='word_1_687' title='bbox 1012 5189 1042 5239; x_wconf 84' lang='lat' dir='ltr'><strong>iis</strong></span> <span class='ocrx_word' id='word_1_688' title='bbox 1053 5202 1108 5252; x_wconf 80' lang='lat' dir='ltr'><strong>que</strong></span> <span class='ocrx_word' id='word_1_689' title='bbox 1118 5188 1149 5240; x_wconf 88' lang='lat' dir='ltr'><strong>de</strong></span> <span class='ocrx_word' id='word_1_690' title='bbox 1158 5187 1254 5239; x_wconf 86' lang='lat' dir='ltr'><strong>homine</strong></span> <span class='ocrx_word' id='word_1_691' title='bbox 1268 5190 1324 5238; x_wconf 90' lang='lat' dir='ltr'><strong>sont</strong></span> <span class='ocrx_word' id='word_1_692' title='bbox 1336 5186 1428 5237; x_wconf 83' lang='lat' dir='ltr'><strong>dietum</strong></span> <span class='ocrx_word' id='word_1_693' title='bbox 1443 5188 1487 5236; x_wconf 87' lang='lat' dir='ltr'><strong>est.</strong></span> 
     </span>
    </p>
   </div>
   <div class='ocr_carea' id='block_1_34' title="bbox 0 0 2033 5984">
    <p class='ocr_par' dir='ltr' id='par_1_35' title="bbox 0 0 2033 5984">
     <span class='ocr_line' id='line_1_102' title="bbox 0 0 2033 5984; baseline 0 0"><span class='ocrx_word' id='word_1_694' title='bbox 0 0 2033 5984; x_wconf 95' lang='lat' dir='ltr'><strong> </strong></span> 
     </span>
    </p>
   </div>
  </div>
 </body>
</html>
