4017 5984
174 465 231 527 aaa

470 620 638 696 129q99).
727 632 732 642 ·

210 762 354 823 Plutarch.
367 761 475 832 Quaest.
488 780 531 838 gr.
544 782 571 821 c.
586 764 621 829 34
638 784 645 817 ι
660 759 722 827 Τίς
734 764 748 819 ό
763 762 845 839 βοῦν
856 760 942 841 εύιρ-

165 852 248 931 γίτη
268 850 389 922 θύσαςς
411 848 510 907 Πλοῖον
531 846 617 929 ὥρμει
638 846 699 928 περί
717 845 765 920 τλν
789 845 942 919 Ἰθακησίαν

165 936 318 1019 λῃστρικόν,
338 926 563 1016 ίνῷπρεσθύτης
576 933 704 1017 ἐτύγχανε
724 933 792 1014 μετθ
809 936 942 1018 κεραμίων

168 1026 280 1107 ίχόντων
304 1023 410 1087 πίτταν.
433 1027 528 1105 Τούτῳ
554 1014 599 1085 οῦν
619 1022 688 1083 κατδ
710 1022 794 1104 τύχην
809 1024 943 1105 προσίσχι

168 1112 298 1195 πορθμεὺς
311 1112 473 1187 Ἰθακιίσιος,
487 1111 598 1189 ὀνόματι
612 1102 748 1193 Πυρρίας,
765 1110 868 1172 καὶτὸν
882 1133 947 1192 πρε·

167 1202 264 1275 σύύτην
278 1200 417 1283 ἐρρύσατο,
433 1198 543 1279 μηδενὸς
556 1198 685 1278 δεόμενος,
697 1200 765 1263 titt
779 1200 892 1268 πεισθείς
900 1199 946 1259 ὑπ’

168 1291 247 1350 αὐτοῦ
260 1288 455 1370 καίοίκτείρας·
469 1286 619 1369 προσίλαόε
629 1286 657 1347 dl
669 1288 715 1348 καί
728 1292 780 1350 τῶν
795 1288 941 1370 κεραμίων,

167 1381 213 1435 τοῦ
235 1374 383 1458 πρεσθύτου
408 1376 587 1444 κελεύσαντος.
608 1374 826 1454 Ἀπαλλαγίντιυν
843 1377 872 1437 δὲ
891 1380 943 1436 τῶν

168 1467 285 1545 λῃστῶν,
298 1465 344 1524 καί
357 1464 497 1543 γενομένης
506 1463 594 1533 ἀδείας
611 1466 626 1522 ὁ
640 1462 788 1547 πρεσθύτης
801 1464 853 1532 τοῖς
864 1486 943 1546 κτρα·

168 1552 237 1629 μίσις
250 1550 294 1612 τὀν
310 1551 428 1632 Πυρρίαν
444 1548 635 1633 προσαγαγών,
650 1550 758 1632 χρυσίον
775 1551 901 1613 ἐδείκνυεν
916 1554 944 1611 ίν

168 1642 254 1707 αύτοῐς
274 1638 340 1701 πολὺ
361 1640 406 1701 καλ
421 1640 540 1722 ιἰργύριον
557 1639 682 1721 τῇπίττρ
698 1641 940 1721 καταμεμιγμένον.

170 1730 311 1812 Ἐξαίρνης
330 1720 374 1790 οῦν
398 1733 412 1789 θ
431 1728 549 1811 Πυρρίας
570 1728 694 1798 πλούσιος
712 1730 849 1811 γενόμενος
867 1731 902 1791 τοί
915 1754 945 1790 τε

171 1812 238 1876 ἄλλα
256 1808 285 1878 τύ
299 1827 417 1899 περιεῖπε
427 1818 472 1878 τδν
489 1816 609 1900 γίρσντα,
621 1819 667 1878 καλ
682 1822 744 1899 βοῦν
759 1816 848 1877 ίθυσιν
861 1820 942 1899 αὐτῷ.

167 1903 205 1964 ⁶0
227 1904 271 1963 καί
295 1904 530 1986 παροιμιαζόμενον
545 1906 680 1986 λίγουσιν·
703 1904 827 1974 obtat,
853 1906 943 1987 ιύερ-

167 1990 246 2072 γε’τρ,
268 1995 344 2072 βοῦν
368 1992 499 2065 ίθυσιν,
525 1991 604 2055 ἀλλ’
623 1992 641 2065 ἢ
663 1991 823 2075 Πυρρίας.

208 2080 253 2139 dd
269 2082 455 2141 Aristotelem
465 2081 528 2141 haec
540 2081 691 2141 reserenda
703 2100 779 2155 esse,
800 2080 869 2140 licet
881 2082 945 2155 ejus

167 2188 273 2230 nornen
298 2189 357 2227 non
380 2168 513 2241 addatur,
529 2172 639 2249 optime
662 2172 811 2248 perspexit
823 2167 944 2228 Schnei-

168 2256 309 2331 dewinus,
321 2269 391 2315 teste
403 2276 473 2315 usus
486 2255 651 2329 Heraclide,
662 2256 694 2315 iu
707 2255 792 2334 cujus
802 2256 946 2334 excerptis

166 2343 229 2401 haec
242 2344 394 2420 leguntur,
406 2363 438 2422 p.
450 2364 498 2417 τη,
514 2351 549 2412 rt
566 2341 775 2415 ι’ίθακησίων...
791 2340 941 2422 Πορθμιύς,

168 2429 272 2512 Πυρίας
284 2429 381 2507 ὄνομα,
398 2429 498 2510 ληστδις
508 2426 711 2510 διεπόρθμευσε,
722 2428 874 2511 πρισύύτην
886 2431 945 2511 αίχ-

168 2516 290 2595 μόλωτον
312 2516 357 2577 καί
373 2517 484 2577 πίτταν·
506 2516 551 2577 καί
564 2519 670 2578 ὠνεῖται
689 2522 773 2577 ταῦτα
793 2518 867 2600 παρίι
892 2522 944 2579 τῶν

166 2606 282 2685 λῃστῶν,
293 2603 426 2679 δεηθέντος
439 2610 485 2666 τοῦ
495 2603 657 2689 πρισύύτου.
666 2596 722 2668 q'llr
734 2604 762 2667 dl
776 2608 803 2667 ίν
817 2610 850 2687 τῇ
863 2606 942 2687 πίττῃ

166 2693 346 2775 κεκρυμμένον
361 2692 481 2774 χρυσίον.
498 2694 656 2769 Πλουτιίσας
674 2685 718 2755 σύν
739 2698 816 2757 θῦσαι
836 2694 942 2771 λίγεται

173 2784 211 2862 τῷ
234 2780 370 2862 πρεσῦύτη
397 2785 473 2863 βοῦν·
500 2782 539 2843 διδ
560 2783 608 2844 καί
629 2786 665 2852 είς
686 2781 829 2865 παροιμίαν
851 2773 942 2857 ἦλθεν·

169 2894 182 2922 ι
203 2869 298 2937 Οὐδείς
311 2868 419 2931 πώποτε
441 2868 562 2953 εύεργίιη
584 2875 643 2953 βοῦν
663 2868 753 2933 ἔθυσεν
772 2870 863 2943 ἀλλ’ἢ
886 2873 943 2932 Πυ-

169 2958 234 3036 ρίας,
248 2984 261 3009 ι

468 3093 522 3149 130
544 3090 637 3169 (τοο).

207 3236 326 3295 Ττειτοτ
341 3235 377 3294 ad
390 3233 576 3313 Lycophrou.
589 3254 617 3292 v.
634 3254 691 3310 799
708 3255 714 3291 :
731 3232 834 3293 Μσίντιν
851 3234 878 3292 δὲ
899 3258 940 3293 νι-

167 3322 230 3405 κρδν
249 3318 386 3402 (Εὐρυτδν
402 3320 491 3399 στίψει
509 3318 588 3399 λεώς)
608 3340 615 3376 :
636 3317 868 3399 Ἀριστοτέλης
890 3344 941 3404 ρη-

169 3410 208 3469 σίν
220 3410 247 3469 ἐν
259 3405 417 3481 Ἰθακησίων
431 3405 558 3488 Πολιτείρ
570 3407 721 3487 Εὐρυτῦνας
731 3404 802 3474 ἔθνος
816 3396 882 3467 εἶναι
894 3412 940 3481 τῆς

168 3574 200 3625 sit
211 3595 218 3623 ι
228 3578 282 3624 erat
293 3576 375 3625 autem
387 3572 474 3635 terina,
488 3570 583 3635 vinum,
594 3570 645 3622 tari
657 3571 746 3637 meltis,
757 3570 848 3635 oleum,
861 3572 905 3636 sat,
917 3578 943 3625 et

170 3660 943 3728 rictimaeadottieraspbagitis.ceterumtristotetespboottom

167 3750 203 3802 ait
213 3764 267 3801 esse
284 3764 382 3815 agnum.
401 3754 478 3802 Porro
496 3752 624 3801 Eumaeum
637 3764 695 3800 cum
712 3750 765 3800 suis
784 3750 943 3803 Telemachus

168 3839 279 3889 libertate
290 3838 409 3889 donatura
429 3837 524 3890 civibus
543 3838 666 3889 inseruit:
683 3840 769 3903 estque
789 3838 821 3891 ab
841 3842 943 3890 Ευισιοο

168 3918 324 3976 coiiadarurn
334 3938 402 3988 gens,
414 3939 429 3975 a
442 3924 555 3975 Piritaetio
564 3925 716 3977 Boeotidonr.
973 3920 974 3923 ’

526 4042 581 4089 119.

200 4124 261 4183 Quis
273 4128 311 4175 ast
326 4124 370 4188 qut
378 4123 467 4175 bovem
477 4124 629 4176 benefactori
639 4124 791 4177 immolavit?
798 4124 869 4191 apud
879 4125 943 4175 tttra·

167 4226 222 4263 carn
233 4213 258 4263 in
271 4212 374 4265 statione
385 4216 440 4265 erat
455 4212 525 4263 naris
544 4212 656 4278 piratica,
671 4213 696 4264 tn
706 4227 786 4277 eaque
798 4226 873 4265 senex
885 4227 943 4265 σιισι

169 4300 239 4350 testis
252 4301 331 4364 picem
346 4299 532 4353 continentibus.
548 4301 585 4351 Ad
601 4301 666 4353 banc
680 4303 743 4352 torte
756 4302 853 4353 fortuna
864 4302 942 4367 porti·

167 4392 207 4437 tor
216 4388 309 4453 appulit
319 4388 463 4452 ithacensis,
472 4388 569 4441 nornine
576 4390 700 4454 Pyrrhias,
711 4390 755 4454 qui
764 4390 944 4441 senemnullius

169 4474 209 4525 sui
218 4474 340 4525 commodi
352 4489 435 4537 eausa,
444 4475 489 4526 sed
501 4474 616 4541 precibus
624 4481 650 4528 et
661 4476 817 4528 miseratione
826 4477 892 4528 tibus
903 4477 943 4527 in·

168 4561 377 4627 duetnsredcmit,
382 4562 943 4630 cadorumettamaonnuliisbortatuejusemp-

169 4646 214 4698 tis.
227 4650 361 4711 Postquam
368 4647 481 4699 ᾱὶεοεεεο
489 4649 633 4714 praedonum
641 4648 701 4701 data
711 4653 749 4701 eat
756 4650 861 4713 beentia,
870 4663 943 4703 senex

169 4734 299 4799 Pyrrhiarn
308 4735 340 4787 ad
347 4735 484 4787 tictitiaista
489 4736 601 4798 adduxit,
608 4734 764 4799 ostenditque
771 4736 878 4787 muttum
889 4734 944 4787 auri

170 4819 312 4884 argentique
325 4820 375 4885 pici
385 4820 543 4884 pernriatum.
555 4822 594 4871 tta
603 4820 719 4881 Pyrrhias
736 4820 819 4870 subito
832 4820 942 4882 ditatus,

170 4906 291 4959 curiatiis
304 4906 393 4958 officiis
405 4920 488 4961 senem
504 4906 589 4971 coluit,
600 4910 654 4956 tum
667 4906 756 4957 bovem
768 4906 791 4957 ei
799 4906 942 4959 immolarit.

171 4995 235 5046 ttinc
242 4996 372 5061 proverbio
382 4996 485 5048 dicum:
501 4998 578 5049 Nemo
591 4994 740 5047 benefactori
750 4994 838 5047 novem
856 4994 943 5047 imno-

170 5082 235 5134 larit
245 5088 336 5149 praeter
348 5084 489 5150 Pyrrbiann.

528 5181 581 5229 tao.

163 5290 166 5298 ι
201 5261 344 5315 Αιθτίοίείσε
359 5264 421 5317 dicit
435 5265 460 5317 tn
479 5265 646 5319 tibaeensiom
659 5265 793 5333 πυροῦθαι
808 5267 944 5330 Eurytanes

715 457 957 521 antsturffls
980 458 1229 522 rasuram.

997 590 1129 659 Αίτωλίας
1140 589 1285 667 ὀνομασθὲν
1295 589 1349 650 tub
1358 589 1486 671 Raptam,
1492 594 1557 671 παρ’
1571 584 1609 660 οἷς
1621 578 1690 653 εἶναι
1702 618 1775 675 μαν-

997 680 1065 749 τεῖον
1077 678 1235 746 Ὀδυσσίως.
1249 677 1290 739 Τὸ
1301 678 1323 738 δ’
1335 678 1400 738 αὐτὸ
1417 680 1464 739 καλ
1482 679 1628 763 Νίκανδρος
1642 683 1775 746 ίνΔίτω-

997 768 1090 833 λικοῖς.
1102 765 1147 827 Cl.
1163 765 1330 844 Thucydid.
1344 764 1396 839 lll,
1408 767 1570 847 94.Stepl1.
1586 768 1655 848 Byr.
1665 788 1691 833 s.
1705 791 1737 832 v.
1747 785 1777 831 et

998 854 1104 931 Odysa.
1116 876 1147 935 ρ,
1162 854 1210 912 32.

1309 992 1360 1048 131
1386 989 1476 1069 μοι).

1043 1118 1213 1232 Ρῦοθοερ.
1234 1119 1304 1193 5ε5,
1326 1140 1360 1177 ar
1381 1138 1404 1179 s.
1418 1141 1445 1177 ν.
1463 1120 1588 1195 Σκυτύλη
1607 1144 1613 1179 :
1630 1119 1777 1194 Ἐπιστολὴ

1006 1207 1159 1280 Λακωνικοί.
1183 1210 1224 1269 Ην
1239 1206 1266 1266 δὲ
1280 1210 1298 1278 ἡ
1313 1207 1431 1280 σκυτάλη
1448 1206 1523 1275 ξύλον
1532 1207 1668 1288 ίξισμίνον
1680 1209 1778 1289 ίπίμη

999 1316 1052 1361 κες.
1066 1292 1121 1353 Δύο
1134 1294 1161 1352 dl
1175 1291 1249 1373 πσρδ
1263 1291 1479 1370 Λακεδαιμονίοις
1492 1297 1613 1376 ὑπῆρχον
1631 1297 1776 1357 σκυτάλαι·

1000 1379 1108 1453 κοίτην
1131 1380 1179 1458 μίν
1194 1381 1258 1461 μίαν
1269 1389 1392 1461 κατεῖχον
1406 1384 1431 1440 σί
1442 1381 1529 1463 όροροι
1542 1386 1596 1442 τῶν
1614 1388 1778 1461 Δακεδαιμο·

999 1470 1072 1542 νίων,
1084 1470 1133 1543 τὴν
1146 1470 1173 1530 δὲ
1184 1470 1275 1553 ἑτίραν
1283 1475 1321 1551 τῷ
1329 1471 1522 1554 ίκπεμπομένιρ
1530 1472 1595 1556 παρ’
1605 1474 1690 1533 αὐτῶν
1699 1498 1778 1555 στρα·

1000 1563 1074 1641 τηγῷ
1092 1570 1231 1641 παρεῖχον.
1260 1560 1314 1623 Καὶ
1335 1560 1414 1619 ὁπότε
1433 1560 1571 1623 ίθσύλοντό
1588 1587 1615 1622 τι
1632 1566 1779 1624 ἐπιστεῖλαι

1000 1650 1082 1731 αὐτῷ,
1097 1648 1217 1731 ρίροντες
1233 1647 1333 1725 ίμσίντα
1346 1648 1439 1708 λευκὸν
1456 1652 1604 1730 περιεῖλλσν
1622 1650 1741 1729 (Rosius
1760 1672 1777 1711 e

1001 1735 1125 1821 conject.
1141 1736 1304 1818 περιείλουν)
1315 1734 1364 1807 τὴν
1375 1738 1509 1811 σκυτάλην
1523 1738 1568 1797 καί
1583 1738 1626 1799 ἐπὶ
1638 1744 1685 1798 τοῦ
1699 1738 1779 1819 ίμσίν-

1000 1850 1044 1893 τος
1057 1823 1180 1906 ἔγραφον,
1191 1824 1239 1885 καί
1249 1824 1425 1893 θνελίττοντες
1433 1831 1560 1908 παρεῖχον
1574 1828 1618 1888 τόν
1630 1826 1730 1908 ίμιίντα
1739 1831 1778 1909 τῷ

1001 1911 1169 1993 όπσρίροντι.
1187 1914 1274 1975 Τοῦτο
1293 1913 1322 1972 δὲ
1335 1912 1439 1974 ἐποίουν
1455 1913 1498 1972 tie
1514 1914 1552 1992 μὴ
1573 1916 1740 1993 μανθόνωσιν
1754 1918 1778 1975 σί

1001 2000 1177 2084 ἀπορίροντες
1186 2000 1216 2061 εδ
1230 2000 1391 2081 δηλούμενον
1404 2004 1431 2061 ἐν
1446 2004 1528 2083 αύτῷ.
1543 2002 1578 2063 ‘0
1593 2004 1621 2063 δὲ
1636 2003 1780 2086 στρατηγὸς

1000 2087 1141 2169 δεχόμενος
1155 2089 1199 2147 τ’σν
1218 2088 1318 2166 ίμσίντα
1329 2093 1363 2169 τῇ
1376 2092 1470 2148 ίαυτσῦ
1487 2091 1604 2172 σκυτάλη
1622 2092 1779 2171 περιείλιττε

1001 2177 1047 2236 καί
1066 2177 1238 2256 ἀνεγίνωσκεν
1252 2178 1321 2238 οὕτω
1334 2177 1368 2240 τδι
1394 2177 1577 2259 γεγραμμένα.
1597 2178 1712 2258 Δίγεται
1734 2170 1778 2240 οῦν

1000 2264 1078 2337 καὶὴ
1093 2265 1219 2338 ίπιστσλή
1233 2266 1352 2339 σκυτοίλη
1367 2266 1413 2326 καὶ
1433 2264 1497 2326 αὐτὸ
1508 2266 1539 2326 τδ
1552 2265 1627 2335 ξύλον
1639 2258 1723 2347 ᾶρόῦ
1734 2268 1780 2330 καὶ

1000 2353 1172 2425 ἠέπιστολή.
1197 2354 1385 2431 Διοσκουρίδης
1405 2352 1433 2412 δὲ
1447 2354 1474 2412 ίν
1497 2354 1628 2433 τοῖςπερὶ
1648 2353 1779 2431 Νομίμων

999 2438 1060 2507 τοῦς
1080 2440 1242 2511 δανείζοντας
1263 2444 1291 2502 ίν
1312 2441 1425 2523 Σπάρτη
1446 2442 1553 2522 διαιρεῖν
1579 2442 1712 2513 σκυτάλην
1733 2440 1779 2501 δύο

1000 2528 1137 2610 παρόντων
1154 2530 1296 2612 μαρτύρων
1316 2531 1363 2591 καί
1382 2528 1492 2612 γρόρειν
1514 2528 1545 2589 τδ
1565 2528 1727 2607 συμῦόλαιον
1751 2531 1778 2587 le

1000 2616 1117 2700 ἑκατέρῳ
1142 2617 1274 2698 τμήματι,
1299 2618 1344 2677 καί
1366 2618 1396 2678 τὸ
1422 2618 1469 2697 μίν
1494 2616 1533 2677 ἑνί
1552 2623 1603 2678 τῶν
1638 2617 1779 2699 μαρτύρων

1000 2706 1111 2785 διδόναι,
1135 2706 1166 2769 εδ
1184 2708 1211 2767 dl
1236 2707 1270 2768 δι’
1284 2710 1380 2769 ίαυτοῦ
1394 2706 1476 2787 ἔχειν.
1492 2706 1631 2790 Ἐχρῶντο
1656 2706 1679 2767 δ’
1705 2708 1778 2785 αύτῷ

1001 2794 1124 2873 (corrig.
1139 2796 1281 2877 αύτῇ)καὶ
1300 2786 1777 2877 οῦλοι,ὧν’Ᾱριστοτίληςίνῇ

1000 2880 1157 2956 Ἰθακησίων
1169 2884 1295 2967 Πολιτεία
1304 2884 1363 2963 μβ.
1379 2884 1485 2944 Eadem
1495 2884 1610 2957 suidas,
1620 2904 1638 2943 e
1649 2905 1709 2963 quo
1721 2884 1779 2944 lor·

999 2984 1075 3032 tasse
1089 2971 1278 3032 scribendum
1302 2973 1424 3047 ἀλλοίως,
1439 2975 1484 3040 ὣς.
1506 2972 1567 3032 Pro
1586 2970 1634 3052 μβ
1650 2974 1730 3050 quod
1744 2972 1777 3034 in

998 3059 1135 3120 Photiiet
1158 3060 1253 3121 Snidae
1262 3061 1350 3122 libris
1370 3062 1489 3139 legitur,
1504 3058 1664 3139 μνημονεύει
1681 3061 1777 3140 aerip-

998 3146 1152 3222 sitNaber,
1162 3148 1196 3209 C.
1212 3148 1368 3209 Miillerorn
1379 3162 1505 3221 secutus,
1516 3147 1557 3207 ita
1569 3148 1775 3225 corrigentem,

997 3236 1031 3295 in
1039 3235 1152 3313 Fragrn.
1162 3236 1235 3296 ttist.
1248 3256 1292 3312 gr.
1303 3250 1325 3295 t.
1337 3236 1377 3307 ll,
1385 3258 1415 3315 ρ.
1427 3246 1493 3310 147·
1503 3236 1612 3295 Priora
1620 3254 1636 3293 e
1644 3234 1777 3293 Lacedae·

999 3325 1165 3383 monierum
1180 3324 1340 3403 Republica
1360 3325 1480 3383 fluxisse
1494 3323 1599 3382 llosius
1615 3335 1705 3401 putat.
1723 3326 1777 3383 ee-

996 3424 1089 3469 terum
1106 3410 1145 3471 cl.
1159 3409 1250 3470 Gellii
1263 3409 1344 3470 Noct.
1360 3412 1418 3469 nn.
1429 3408 1520 3482 ivri,
1534 3430 1565 3487 9,
1583 3410 1679 3471 Schol.
1704 3411 1775 3469 dri-

1001 3575 1119 3639 poputum
1132 3589 1187 3626 esse
1203 3575 1311 3639 AEtoiiae,
1321 3576 1352 3625 ab
1363 3578 1458 3638 Euryto
1469 3574 1630 3637 nominatum,
1645 3576 1712 3641 apud
1723 3589 1777 3627 eos-

998 3677 1047 3727 que
1056 3678 1110 3715 esse
1125 3664 1253 3715 oracutum
1265 3664 1372 3727 tityssis.

1361 3809 1414 3856 tat.

1030 3932 1148 3990 Σκυτόλη.
1160 3931 1270 3996 Epistola
1281 3930 1409 3982 tamnira.
1418 3929 1514 3993 scytale
1524 3932 1608 3980 autem
1616 3930 1710 3992 tignum
1720 3932 1774 3979 erat

998 4019 1103 4085 politum
1115 4022 1142 4071 et
1153 4018 1296 4085 oblongum.
1315 4022 1377 4070 Due
1389 4032 1450 4069 vero
1461 4018 1562 4081 scytale
1572 4020 1643 4069 erant
1654 4015 1721 4081 apud
1730 4017 1776 4065 ba-

998 4108 1162 4160 oodarnonioa
1174 4127 1180 4157 ι
1194 4122 1301 4172 quarum
1314 4108 1418 4158 atteram
1434 4106 1519 4172 ephori
1534 4104 1775 4156 Lacedaemoniorum

998 4195 1145 4259 retinebant,
1158 4194 1261 4246 aiteram
1270 4208 1329 4246 vero
1339 4193 1469 4245 tradebant
1479 4192 1547 4257 duct,
1556 4206 1630 4257 quern
1639 4190 1671 4241 ad
1683 4189 1774 4241 beitnrn

999 4284 1151 4336 emittebant.
1160 4283 1263 4343 Quoties
1269 4282 1345 4347 igitur
1359 4281 1453 4347 aliquid
1466 4281 1489 4332 ei
1504 4280 1621 4332 mandare
1632 4277 1731 4337 retient,
1741 4277 1775 4326 at·

1000 4369 1111 4422 terebant
1121 4370 1205 4421 album
1212 4370 1304 4432 lorum,
1317 4384 1368 4434 quo
1378 4368 1488 4433 scytalen
1498 4366 1663 4426 involvebant,
1671 4367 1698 4415 et
1708 4363 1734 4413 in
1743 4378 1773 4414 eo

999 4459 1149 4511 scribebant.
1168 4459 1262 4510 Deinde
1282 4459 1363 4509 lorum
1381 4457 1525 4523 replicantes
1545 4452 1672 4505 tabellario
1684 4450 1766 4503 trade·

998 4545 1072 4606 bant;
1090 4547 1139 4597 boc
1156 4549 1240 4597 autem
1258 4544 1381 4597 iaciebant
1400 4556 1432 4595 ne
1449 4540 1571 4593 tabellarii
1581 4538 1645 4589 seire
1657 4540 1769 4602 nossent,

997 4633 1059 4697 quid
1075 4632 1101 4684 tn
1112 4646 1142 4684 eo
1161 4632 1282 4699 seriptum
1293 4632 1371 4684 σεται.
1385 4633 1442 4680 Dux
1451 4641 1512 4680 rere
1529 4628 1610 4679 torum
1624 4639 1698 4676 snum
1710 4625 1775 4675 aeci·

997 4723 1067 4787 pians
1084 4722 1150 4773 οἰτοι
1162 4735 1234 4772 snam
1246 4722 1357 4786 scytalen
1367 4716 1591 4777 οἰεοοιτινοίνοίνιί,
1608 4719 1633 4766 et
1646 4714 1680 4765 ita
1692 4727 1733 4765 res
1748 4713 1774 4763 in

998 4814 1141 4879 eoscriptas
1149 4811 1317 4877 cognoscunt.
1331 4809 1428 4861 Dicitur
1438 4806 1514 4871 igitur
1525 4804 1618 4870 scytale
1630 4806 1657 4856 et
1671 4803 1774 4869 epistota

998 4902 1112 4967 otiosum
1122 4902 1224 4965 ίίμιιιιιι,
1238 4900 1263 4951 in
1275 4913 1325 4964 quo
1335 4898 1427 4961 scripta
1439 4896 1479 4947 est
1488 4893 1600 4959 epistota.
1616 4889 1774 4944 busceridss

998 5006 1059 5046 vero
1068 4993 1163 5045 iniibro
1177 4990 1338 5044 detmtitutia
1352 4988 1422 5051 dicit,
1432 4987 1591 5055 feneratores
1602 4987 1699 5051 Spartan
1710 4982 1775 5033 ‹iirt-

999 5082 1059 5135 dere
1076 5082 1194 5147 scytaten,
1207 5079 1304 5131 dnobus
1322 5076 1429 5129 testibus
1439 5074 1613 5143 presentibus,
1626 5076 1652 5126 et
1662 5074 1689 5123 tn
1704 5073 1773 5124 ntra·

997 5188 1047 5237 que
1065 5174 1119 5238 ejus
1136 5174 1207 5237 parte
1218 5172 1373 5221 contractum
1390 5168 1510 5231 scribere,
1522 5169 1549 5218 et
1562 5166 1666 5218 atteram
1673 5163 1773 5229 quietern

998 5260 1204 5314 anterioribus
1220 5258 1289 5323 dare,
1303 5257 1407 5311 atteram
1423 5270 1484 5309 rere
1498 5254 1547 5307 sibi
1562 5266 1696 5307 εεσστνττο.
1710 5253 1771 5301 Ute-
