4017 5984
389 767 938 898 ARISTOTELIS
992 771 1529 908 FRAGMENTA.

781 1063 1151 1089 -—-··00·--—--

838 1275 1085 1355 DlALOGl.

205 1509 239 1567 ln
261 1507 500 1566 Aristoteleorum
525 1504 577 1562 illa
598 1502 741 1562 librorum
765 1502 932 1575 divisione,

165 1615 251 1672 guam
271 1613 306 1652 ex
320 1613 381 1653 uno
390 1592 570 1670 eodemque,
588 1591 657 1650 satis
668 1590 790 1667 antiquo
800 1609 887 1664 vero,
902 1605 935 1650 ut

164 1683 290 1754 videtur,
301 1681 379 1740 sonte
390 1680 583 1758 desumptam,
596 1678 729 1756 plerique
738 1677 878 1737 exhibent
891 1679 937 1736 in-

163 1783 317 1848 terpretes,
328 1769 453 1847 quisine
466 1767 502 1824 ad
514 1766 698 1842 categorias,
720 1766 783 1824 sive
799 1765 836 1823 ad
844 1766 935 1844 ipsam

165 1857 330 1918 Aristotelis
347 1854 566 1934 philosophiam
580 1853 763 1932 praefationes
778 1853 936 1932 scripsere,

164 1965 267 2005 eorum
281 1943 458 2024 scriptorum
478 1962 543 2019 quae
570 1938 770 2018 ουντογματυιδι
783 1954 937 2012 vocantur,

163 2047 194 2091 et
215 2051 281 2110 quae
307 2033 371 2109 ipsa
393 2033 619 2106 ότομνηματικοῖς
653 2040 854 2106 opponuntur,
884 2029 937 2086 du-

164 2119 235 2198 plex
264 2137 328 2178 esse
338 2135 429 2195 genus
444 2117 591 2176 statuitur.
607 2120 651 2174 De
664 2115 718 2174 hac
733 2135 766 2174 re
785 2127 824 2174 tta
844 2115 938 2173 David

165 2206 324 2266 Armenius
344 2206 376 2264 in
390 2204 486 2281 Categ.
500 2225 527 2283 p.
545 2213 593 2276 at,
607 2203 641 2272 tt,
660 2202 800 2266 roBrand.
816 2224 824 2260 ι
839 2204 902 2263 Τῶν
912 2203 939 2261 δὲ

166 2295 382 2371 συνταγματικῶν
407 2292 441 2350 τδι
466 2291 515 2368 μέν
536 2291 599 2350 εἰσιν
624 2288 834 2370 αὐτοπρόσωπον,
858 2290 939 2350 deal

166 2378 351 2462 όκροαματικόι
364 2379 500 2458 λέγονται,
512 2378 546 2438 τὰ
561 2377 588 2436 δὲ
600 2377 753 2456 διαλογικδ,
765 2376 836 2436 datad
850 2375 939 2445 tiore·

169 2469 229 2548 poth
250 2468 378 2546 λίγονται·
393 2467 439 2526 καί
454 2469 488 2535 ῶς
507 2467 553 2541 μὲν
570 2465 764 2544 αὐτοπρόσωπα
780 2466 937 2526 άντίκεινται

167 2565 219 2623 τοῖς
234 2555 403 2635 διαλογικοίς,
415 2558 451 2621 ῶς
466 2555 493 2613 δὲ
509 2553 695 2634 όκροαματικδι
713 2551 872 2613 άντίκιινται
886 2555 939 2620 τοῖς

170 2644 343 2725 ἐξωτερικοῖς,
356 2663 421 2704 cunr
439 2664 498 2721 quo
520 2643 702 2702 consentiunt
717 2643 889 2702 Ammonius
909 2644 939 2702 in

169 2732 265 2809 Categ.
284 2733 303 2790 l.
319 2753 335 2805 7
354 2743 443 2805 recto,
457 2731 627 2810 Simplicius
644 2729 687 2790 ib.
710 2729 731 2790 l.
750 2751 780 2802 r,
796 2728 940 2788 Ecdlla-

169 2821 230 2893 sil,
241 2820 369 2880 loannes
380 2819 560 2898 Philoponus
579 2818 621 2880 ib.
638 2839 670 2898 p.
682 2819 731 2890 35,
742 2818 775 2889 ll,
788 2820 824 2891 37
837 2818 941 2876 Brund.

170 2909 254 2978 Quod
269 2910 375 2968 sicum
392 2907 439 2966 his
458 2905 664 2983 conjungimus
685 2925 750 2983 quae
771 2905 858 2983 paulo
879 2919 945 2984 post

169 2997 246 3075 apud
257 2996 380 3073 eundem
390 2994 617 3054 Davidemdicta
629 3007 705 3062 sunt,
720 2993 739 3052 l.
752 2993 773 3054 l.
790 3013 820 3051 v.
838 3013 872 3068 ¹9
887 3011 943 3070 sq„

170 3081 945 3161 eoscilicetdialogicaabacroamaticisdiiierre,quod

171 3173 202 3229 in
214 3172 330 3230 illorum
344 3170 453 3248 scripta
461 3169 521 3228 sint
530 3169 664 3246 gratiam,
677 3167 728 3244 qrri
738 3167 947 3247 aphilosophia

170 3259 259 3317 alieni
273 3271 356 3335 sunt,
367 3256 635 3335 philosophumque
650 3256 681 3312 in
697 3255 757 3314 illis
777 3253 945 3334 probabili-

171 3345 228 3404 bus
246 3359 356 3405 tantum
379 3344 481 3416 modo,
502 3364 561 3402 non
579 3342 616 3401 ad
634 3343 808 3402 severiorem
825 3342 946 3401 demon-

173 3433 324 3492 strationis
347 3432 488 3492 rationem
506 3429 653 3489 adstrictis
673 3429 849 3506 argumentis
863 3450 945 3488 usum

172 3539 255 3592 esse,
280 3523 340 3596 sire
360 3539 444 3597 quae,
473 3531 544 3577 teste
572 3515 704 3589 Doride,
738 3517 757 3578 l.
788 3516 810 3577 l.
835 3537 866 3576 ν.
895 3519 946 3590 33,

172 3607 331 3666 Alexandri
342 3606 524 3685 Aphrodisaei
536 3604 790 3676 sententialuerat,
804 3608 836 3664 in
848 3625 947 3664 acroa-

175 3696 289 3754 rnaticis
299 3693 385 3753 libris
396 3694 579 3753 Aristotelem
592 3713 656 3770 quar
674 3691 730 3751 sibi
743 3693 801 3770 ipsi
815 3693 948 3753 visasint

174 3782 362 3858 exposuisse,
377 3783 410 3840 in
424 3781 577 3856 dialogicis
586 3800 657 3840 vero
668 3801 733 3859 quae
746 3782 831 3854 aliis,
844 3781 950 3842 deinde

175 3889 240 3946 quae
253 3867 342 3927 iidem
364 3868 400 3926 de
423 3886 528 3943 genere
541 3869 657 3928 dicendi
679 3871 771 3946 magis
794 3873 949 3949 perspicuo

174 3955 313 4028 afferunt,
328 3974 404 4033 quo,
424 3968 455 4013 ut
469 3955 499 4014 in
514 3957 656 4035 epistolis,
677 3960 715 4015 ita
731 3969 759 4016 et
781 3959 813 4016 in
827 3957 950 4036 dialogis

179 4063 264 4103 usum
271 4063 334 4103 esse
345 4043 529 4102 Aristotelem
538 4043 698 4118 affirmant,
708 4043 768 4121 jam
781 4046 949 4106 omniafere

177 4130 319 4190 habemus
332 4130 498 4189 testimonia
518 4131 555 4190 de
576 4131 631 4191 hoc
652 4134 827 4212 scriptorum
843 4152 950 4210 genere

176 4219 256 4298 apud
291 4219 426 4296 antiquos
457 4218 627 4298 philosophi
654 4221 826 4299 interpretes
849 4220 948 4282 obvia.

175 4309 248 4365 Cum
270 4327 370 4366 eorum
384 4307 420 4364 de
440 4306 493 4365 hac
509 4327 540 4366 re
566 4307 655 4366 nimia
666 4307 810 4368 brevitate
827 4323 855 4368 et
877 4310 951 4370 illud

177 4394 288 4470 optime
302 4393 453 4470 congruit,
475 4394 554 4471 quod
570 4395 601 4452 in
622 4395 759 4456 omnibus
778 4415 878 4455 eorum
901 4417 951 4455 co-

178 4481 353 4557 piosissimis
370 4482 586 4540 commentariis
598 4483 649 4540 vix
665 4483 751 4541 semel
763 4485 905 4544 iterumve
915 4503 952 4544 ert

179 4568 344 4627 Aristotelis
354 4568 480 4645 dialogis
493 4570 633 4628 nonnulla
648 4571 846 4649 proferuntur.
861 4571 951 4650 Cujus

178 4655 297 4733 quidem
309 4657 351 4714 rei
367 4656 447 4714 nulla
461 4657 519 4716 alia
530 4657 684 4735 quaer-enda
697 4672 741 4718 est
750 4679 847 4731 causa,
863 4679 950 4737 quam

178 4743 272 4820 quod,
289 4756 409 4821 excepto
429 4743 549 4803 fortasse
568 4745 732 4805 Alexandro
747 4746 950 4824 Aphrodisaeo,

179 4831 281 4889 ceteris
302 4829 439 4888 omnibus
460 4831 628 4910 philosophi
641 4834 865 4912 interpretibus,
880 4855 953 4912 qrros

181 4917 266 4976 hodie
279 4918 418 4994 legimus,
443 4919 518 4977 sarna
540 4933 648 4978 tantum
674 4921 761 4979 modo
782 4921 953 4981 obscuriore

992 1502 1156 1566 videantur.
1181 1506 1224 1563 lle
1248 1506 1302 1564 hac
1329 1519 1424 1567 tamen
1443 1529 1477 1568 re
1495 1523 1596 1590 postea
1615 1510 1763 1582 dicemus,

992 1611 1070 1650 nunc
1084 1591 1120 1649 ed
1142 1592 1194 1651 illa
1211 1591 1274 1669 jam
1293 1595 1501 1655 transeundum
1519 1609 1563 1655 est
1580 1597 1764 1669 testimonia,

992 1697 1058 1756 quae
1070 1678 1108 1737 de
1119 1679 1284 1741 Aristotelis
1297 1681 1422 1758 dialogis
1435 1683 1513 1762 apud
1527 1684 1600 1742 alios
1613 1685 1765 1744 inveniun-

992 1779 1040 1824 tur
1054 1766 1192 1844 antiquos
1207 1770 1377 1850 scriptores,
1394 1773 1445 1849 qni
1460 1775 1522 1831 sive
1536 1775 1595 1850 ipsi
1608 1773 1664 1832 hoc
1675 1793 1766 1850 genus

995 1851 1165 1932 philosophi
1186 1854 1332 1915 librorum
1354 1857 1486 1916 lectitare
1508 1872 1679 1939 potuerant,
1703 1863 1766 1920 sire

994 1941 1121 2000 aliorum
1131 1941 1213 2002 deiis
1220 1942 1335 2020 judicia
1345 1944 1515 2006 retulerunt.
1524 1946 1655 2016 Quorum
1669 1960 1765 2005 utrum

996 2029 1121 2088 Basilius
1136 2029 1238 2088 lecerit
1257 2030 1400 2089 incertum
1414 2045 1474 2104 est,
1492 2031 1524 2090 in
1549 2031 1634 2108 cujus
1644 2034 1768 2111 epistola

997 2117 1066 2189 167,
1087 2128 1108 2176 t
1133 2115 1188 2186 lll,
1203 2137 1234 2195 p.
1261 2118 1328 2192 187,
1344 2117 1367 2176 C
1383 2118 1427 2176 ed.
1447 2119 1555 2187 Paris„
1577 2119 1638 2178 haec
1664 2140 1768 2180 occur-

995 2215 1063 2261 runt
1090 2223 1098 2260 :
1123 2205 1183 2262 Τῶν
1210 2203 1302 2273 ἔξωθεν
1329 2205 1476 2286 ριλοσόρων
1499 2208 1524 2264 οἱ
1550 2204 1609 2272 τοὺς
1634 2207 1769 2285 διαλόγους

994 2287 1205 2371 συγγράψαντες,
1234 2290 1414 2370 Ἀριστοτέλης
1444 2294 1491 2370 μὲν
1523 2293 1569 2353 καὶ
1596 2293 1765 2375 Θεόφραστος

994 2376 1068 2444 state
1082 2379 1168 2437 αὐτῶν
1180 2376 1281 2458 ἥψαντο
1293 2383 1345 2439 τῶν
1368 2379 1547 2459 πραγμάτων,
1568 2381 1612 2440 διὰ
1630 2381 1660 2441 τδ
1678 2405 1764 2442 ruret-

995 2467 1067 2526 δι’ναι
1087 2467 1187 2533 ἑαυτοῖς
1202 2469 1254 2526 τῶν
1270 2467 1448 2527 Πλατωνικῶν
1462 2468 1578 2546 χαρίτων
1592 2467 1640 2541 τὴν
1654 2469 1769 2529 ἔνδειαν·

1001 2556 1115 2637 [Ιλτὶτων1
1127 2555 1154 2612 δὲ
1169 2560 1202 2635 τῇ
1215 2555 1317 2635 ἐξουσία
1330 2558 1376 2612 τοῦ
1392 2553 1471 2632 λόγου
1487 2557 1552 2630 όμοῧ
1568 2553 1616 2631 μὲν
1633 2563 1686 2620 τοῖς
1699 2554 1761 2632 δόγ-

999 2665 1065 2714 μασι
1084 2643 1212 2721 μάχεται,
1232 2647 1298 2718 ὁμοῦ
1313 2641 1340 2700 δὲ
1358 2646 1404 2700 καὶ
1418 2643 1616 2720 παρακωμῳδιῑ
1636 2644 1670 2700 τὰ
1688 2642 1772 2719 πρόσ-

996 2750 1073 2800 ωπα,
1086 2725 1270 2807 θρασυμάχοο
1286 2726 1334 2803 μὲν
1348 2727 1379 2786 τὸ
1391 2727 1474 2808 θρασὺ
1485 2727 1531 2786 καί
1547 2728 1641 2804 ἰταμδν
1660 2729 1771 2790 trees).-

997 2816 1060 2887 λων,
1068 2813 1172 2875 Ἱππίου
1183 2815 1211 2872 δὲ
1222 2816 1354 2895 τδκοῦρον
1368 2818 1416 2884 τῆς
1425 2814 1537 2882 διανοίας
1549 2816 1595 2873 καί
1608 2821 1717 2894 χαῦνον,
1726 2819 1771 2875 καὶ

999 2901 1176 2981 Πρωταγόρου
1193 2900 1223 2960 τδ
1233 2899 1383 2970 ἀλαζονικὸν
1396 2901 1441 2959 καί
1464 2899 1618 2980 ὖπόρογκον.
1638 2902 1729 2962 Ὅπου
1743 2903 1770 2962 δὲ

1000 2990 1109 3069 οίόριστα
1124 2987 1253 3067 πρόσωπα
1274 2987 1408 3064 ἐπεισάγει
1421 2994 1475 3054 τοῖς
1493 2987 1637 3066 διαλόγοις,
1654 2993 1701 3060 τῆς
1722 2989 1771 3066 μὲν

1001 3075 1143 3156 εὖκρινσίας
1152 3074 1238 3136 ἕνεκεν
1246 3078 1299 3134 τῶν
1311 3075 1476 3156 πραγμάτων
1489 3074 1617 3156 κέχρηται
1626 3081 1680 3144 τοῖς
1693 3100 1770 3156 προσ-

1001 3163 1209 3243 διαλεγομένοις,
1235 3163 1309 3222 οὗδὲν
1331 3162 1359 3221 δὲ
1379 3161 1468 3242 ἕταρον
1491 3165 1522 3221 ἐκ
1544 3167 1597 3223 τῶν
1623 3165 1770 3244 προσώπων

1001 3255 1231 3318 ἐπεισκυκλτῖταῐς
1239 3247 1471 3331 ίποθίσισιν,όπιρ
1479 3250 1600 3323 ἐποίησιν
1614 3254 1641 3310 ἐν
1651 3260 1705 3318 τοῖς
1719 3253 1771 3312 No'·

1001 3363 1071 3417 μοις.

1041 3428 1100 3487 Etsi
1127 3448 1197 3486 rero
1222 3429 1338 3487 nonita
1364 3429 1551 3500 multasunt,
1577 3449 1642 3507 quae
1663 3449 1699 3488 ex
1721 3429 1774 3489 hac

1001 3537 1067 3576 cum
1081 3516 1241 3575 Platonicis
1252 3515 1489 3574 Aristoteleorum
1503 3516 1684 3593 dialogorum
1697 3537 1775 3576 rom·

1003 3605 1153 3682 paratione
1163 3603 1263 3679 colligi
1277 3616 1415 3681 possunt,
1430 3603 1504 3662 illud
1515 3616 1610 3663 tamen
1624 3618 1705 3663 extra
1718 3606 1774 3664 dn·

1006 3691 1174 3751 bitationem
1203 3693 1330 3771 positunr
1353 3691 1482 3763 videtur,
1507 3692 1651 3751 minorem
1682 3707 1773 3754 arten:

1004 3780 1170 3839 Aristotelis
1179 3792 1208 3838 et
1215 3778 1405 3856 Theophrasti
1416 3779 1557 3856 dialogos,
1571 3782 1729 3858 praesertim
1744 3783 1775 3840 in

1004 3868 1178 3944 effingendis
1189 3867 1430 3926 interlocutorum
1441 3866 1585 3940 moribus,
1597 3869 1774 3940 ostendisse,

1005 3956 1057 4014 sed
1085 3975 1176 4034 quum
1202 3956 1296 4032 magis
1319 3955 1351 4014 in
1371 3954 1459 4014 rebus
1480 3955 1554 4034 ipsis
1576 3955 1776 4034 doctrinisque

1004 4043 1186 4123 exponendis
1199 4055 1398 4114 versarentur,
1417 4057 1555 4120 praeterea
1566 4043 1719 4122 prooemiis
1730 4045 1777 4102 in-

1005 4129 1351 4208 str·uctosfuisse,quibus
1361 4130 1505 4191 Platonici
1513 4131 1776 4207 dialogicarebant.

1005 4221 1109 4293 Qualia
1117 4238 1189 4277 vero
1198 4219 1533 4299 haeeprooemialuerint,
1543 4219 1662 4296 quibus,
1672 4234 1778 4298 praeter

1006 4308 1252 4386 'l'heoplrr·asturrr,
1269 4307 1451 4366 Heraclidem
1468 4327 1586 4384 quoque
1602 4306 1775 4377 Ponticum,

1008 4397 1060 4474 qui
1079 4409 1109 4454 et
1133 4396 1196 4473 ipse
1219 4394 1384 4453 Aristotelis
1406 4392 1567 4471 discipulus
1596 4393 1667 4465 luit,
1691 4415 1775 4453 usum

1005 4502 1067 4542 esse
1082 4495 1202 4542 testatur
1216 4481 1339 4539 Procius
1357 4481 1389 4539 in
1406 4479 1537 4540 Platonis
1554 4480 1773 4550 Parmenidenr,

1006 4593 1038 4650 p.
1051 4571 1086 4640 54
1098 4572 1144 4632 ed.
1152 4570 1308 4641 Cousin,et
1316 4569 1434 4646 quidem
1445 4571 1496 4641 ita,
1504 4582 1667 4648 ututerque
1670 4569 1777 4647 justam

1007 4660 1260 4739 reprehensionem
1277 4677 1335 4715 non
1349 4657 1516 4732 effugerint,
1532 4677 1634 4735 quum,
1648 4672 1681 4716 ut
1693 4658 1777 4731 dicit,

1008 4749 1141 4812 παντελῶς
1154 4746 1279 4826 ἀλλότρια
1291 4745 1324 4803 τα
1335 4743 1460 4825 προοίμια
1471 4748 1523 4803 τῶν
1533 4746 1666 4822 ἑπομένων
1673 4759 1778 4816 essent,

1009 4836 1119 4915 optime
1129 4856 1146 4894 a
1155 4836 1294 4894 Cicerone
1301 4835 1451 4908 docemur,
1466 4836 1518 4912 qui
1529 4855 1561 4894 se
1570 4836 1600 4893 in
1609 4834 1662 4891 lrac
1670 4852 1702 4890 re
1712 4834 1778 4890 Ari·

1009 4925 1121 4984 stotelis
1142 4943 1251 4983 morem
1274 4923 1418 4982 imitatum
1435 4942 1498 4982 esse
1526 4923 1660 4981 affirmat.
1681 4921 1778 4991 Quum

180 5005 304 5080 quadam
328 5007 492 5070 innotuisse
502 5008 639 5068 videntur
656 5010 820 5070 Aristotelis
835 5009 952 5088 dialogi.
1009 5013 1087 5072 enim
1103 5013 1141 5072 ab
1157 5014 1253 5072 Attico
1264 5025 1381 5086 rogatus
1389 5025 1474 5083 esset,
1495 5025 1528 5070 ut
1545 5009 1670 5068 Varroni
1683 5008 1778 5067 locum

182 5091 264 5152 Unde
284 5107 311 5152 et
333 5094 407 5154 illud
430 5095 549 5174 accidit,
574 5110 622 5173 ut,
647 5099 714 5157 licet
738 5118 830 5176 pauca
843 5099 879 5158 de
893 5100 953 5158 illis
1012 5101 1043 5158 in
1066 5100 1154 5160 libris
1169 5100 1212 5158 lle
1226 5097 1378 5177 republica
1400 5097 1557 5170 tribueret,
1579 5097 1610 5155 id
1624 5116 1656 5154 se
1670 5097 1700 5153 in
1719 5097 1781 5155 dia·

181 5179 315 5258 asserant,
330 5183 472 5242 nonnulla
487 5185 583 5244 minus
607 5199 681 5244 recte
693 5185 729 5246 tle
743 5187 782 5246 iis
796 5187 952 5248 tradidisse
1009 5188 1076 5264 logo
1098 5202 1218 5267 propter
1251 5199 1415 5266 temporum
1440 5186 1582 5245 rationem
1610 5186 1703 5245 lacere
1722 5207 1781 5244 nun

969 5296 1005 5354 {5
