4017 5984
252 376 311 437 ³20
768 360 1012 426 ARISTOTELIS
1032 356 1283 419 FRAGMENTA.

253 506 336 575 οὕτως
351 505 430 584 (νῖιίε
444 502 521 562 inira
542 501 645 577 fragm.
659 500 747 576 666).
761 496 847 567 Quod
861 494 1025 574 suspicatus
1080 490 1115 563 B,
1132 510 1182 563 so,
1195 489 1276 567 quod
1291 501 1388 547 tamen
1401 506 1440 545 sn
1452 504 1521 546 vere
1535 486 1685 545 Aristoteli
1699 486 1856 557 tribuatur,

253 608 297 655 est
316 593 440 663 Rosius,
454 592 486 648 in
501 587 586 648 titulo
599 586 750 665 Ἐγκίιμιον
765 585 895 655 πλούτου,
908 583 962 661 qui
977 582 1027 639 in·
1079 577 1150 656 jure
1165 576 1298 636 dubitari
1314 588 1418 656 potest.
1433 573 1516 634 Talis
1529 593 1601 633 vero
1615 573 1759 645 dubitatio
1776 576 1859 635 nulla

254 696 299 745 ter
319 674 571 761 pseudepigrapha
585 676 732 752 Anonymi
748 674 787 751 (8)
802 672 920 749 legitur,
947 667 1025 731 Πλά-
1081 667 1138 726 erit
1153 667 1190 725 dc
1200 664 1355 739 Oratione,
1365 683 1453 743 quam
1465 663 1504 721 sd
1516 662 1682 722 diluendam
1698 663 1860 741 impietatis

254 792 334 836 τωνος
348 765 534 827 scribendum
550 784 629 836 esse,
643 782 744 842 parum
756 760 926 820 verisimilis
945 758 1028 818 vide·
1084 754 1298 813 accusationem
1310 752 1342 811 in
1355 771 1387 811 se
1401 750 1512 810 illatam
1526 750 1678 830 scripsisse
1688 750 1780 809 fertur
1791 754 1860 811 Ari·

256 872 304 917 tur
316 876 380 916 esse
402 855 577 932 conjectura.
598 852 691 911 (lausa
703 851 783 909 enim
807 849 839 908 in
854 868 950 928 prono
966 858 1025 916 est,
1086 843 1220 914 stoteles,
1232 841 1295 920 jam
1309 841 1388 899 enim
1401 840 1534 918 ipsorum
1548 838 1715 897 testimonio
1728 839 1781 916 qui
1794 859 1861 898 eam

257 966 309 1005 cur
322 944 493 1005 Aristoteles
514 942 686 1001 divitiarum
708 940 842 998 laudator
863 934 1028 1015 aquodam
1086 930 1245 989 laudante
1273 927 1451 1009 philosopho
1485 926 1683 1004 abjudicatur,
1711 929 1862 1005 Anonymi

256 1033 454 1112 Peripatetico
478 1031 621 1089 doctrinae
646 1040 786 1087 sectatore
802 1025 876 1102 eligi
891 1023 1029 1103 potuerit.
1088 1018 1218 1093 scilicet,
1229 1036 1293 1077 esur
1307 1018 1384 1076 iuter
1395 1014 1651 1095 pseudepigrapha
1663 1015 1815 1075 referentis
1828 1030 1861 1075 et

256 1122 387 1180 Ceterum
396 1119 509 1179 collatis
521 1138 584 1196 quae
593 1115 681 1175 habet
687 1128 788 1174 auctor
796 1113 868 1172 Vitae
879 1112 1030 1189 hlarop.6
1089 1105 1220 1166 Athenaei
1234 1106 1296 1164 haec
1308 1107 1400 1164 verba
1412 1104 1563 1165 addemus
1581 1104 1615 1164 et
1631 1102 1668 1182 μὴ
1683 1102 1863 1184 κατέψευσται

255 1208 303 1268 ed.
321 1206 449 1267 llobbe:
470 1204 525 1266 Καί
539 1204 658 1285 φαίνεται
672 1204 699 1261 ίν
713 1203 770 1267 ταῖς
783 1201 954 1265 Ἐπιστολαῖς
968 1205 1031 1259 θαυ·
1086 1197 1102 1252 ό
1133 1192 1218 1270 λόγος.
1252 1194 1352 1271 Neque
1374 1192 1449 1251 illud
1471 1190 1705 1271 pratereundum
1728 1203 1773 1251 est
1796 1191 1865 1270 ejus

258 1294 348 1371 μάζων
361 1294 510 1365 Πλάτωνα,
523 1294 570 1354 καῖ
592 1290 715 1357 συνιστίις
737 1298 790 1357 τοῖς
813 1290 949 1367 βασιλεῦσι
973 1284 1032 1353 τοῖς
1087 1281 1263 1339 Ιῐὶθῐῑῑῖθῦθθθ
1284 1299 1302 1338 ⁸
1324 1280 1466 1356 Diogenis
1490 1278 1600 1339 Laetili
1622 1278 1721 1338 indice
1744 1277 1863 1351 abesse,

258 1382 385 1445 Πλάτωνι
405 1380 476 1442 κατδι
496 1380 570 1459 γένος
584 1386 790 1450 κοινωνοῦντας,
807 1378 891 1437 lacile
904 1376 1033 1455 suspicio
1086 1366 1155 1427 lioel
1168 1368 1200 1428 in
1216 1368 1281 1446 ἱροί
1292 1366 1459 1427 nmatione
1470 1367 1499 1445 (§
1513 1365 1541 1444 9]
1561 1385 1579 1425 e
1597 1366 1744 1426 Favorino
1762 1367 1865 1427 laude-

259 1471 367 1542 oritur,
380 1469 623 1549 Olympiodorum
646 1467 733 1548 paulo
757 1465 941 1525 ambitiosius
956 1464 1032 1540 λόγον
1087 1470 1145 1515 tur.
1160 1456 1242 1535 Opus
1255 1456 1346 1532 igitur
1364 1453 1490 1533 alicujus
1500 1454 1626 1515 rhetoris
1642 1454 1745 1527 suerit,
1757 1474 1811 1514 nec
1821 1456 1867 1515 ita

259 1556 467 1637 ἐγκωμιαστικόν
482 1576 602 1617 vocasse
615 1556 767 1636 epistolam
783 1554 814 1614 ln
825 1553 955 1613 Platonis
968 1553 1033 1611 lau·
1089 1548 1211 1602 mullum
1235 1544 1356 1603 fortasse
1371 1556 1439 1622 post
1458 1542 1625 1602 Aristotelis
1645 1555 1768 1601 mortem
1793 1564 1866 1601 con-

259 1648 325 1707 dem
338 1646 542 1723 conscriptam.
1089 1632 1244 1710 scriptum.
1256 1630 1352 1690 Facile
1362 1630 1441 1690 enim
1455 1630 1520 1689 lieri
1531 1631 1643 1709 potuit,
1653 1643 1704 1706 ut,
1717 1650 1776 1708 quo
1789 1644 1867 1689 tem-

1089 1738 1162 1796 pore
1174 1719 1333 1798 Sophocles
1342 1718 1535 1798 Amphiclidae
1554 1719 1632 1778 lilius
1649 1718 1740 1795 legem
1760 1732 1866 1797 pertn-
1970 1781 1971 1792 ,

261 1830 312 1890 111,
341 1828 532 1890 mmmm
562 1824 755 1887 ΑΣΕΒΕΙΑΣ
787 1823 890 1884 ΠΡΟΣ
921 1822 1034 1883 Εγργ.
1089 1806 1180 1879 ierat,
1196 1828 1255 1885 qua
1268 1808 1438 1887 philosophi
1453 1806 1573 1867 Athenis
1590 1808 1776 1885 pellerentur,
1790 1808 1867 1866 tales

554 1913 744 1974 ΜΕΔΟΝΤΑ,
1089 1892 1238 1955 orationes
1259 1896 1296 1955 ad
1308 1895 1474 1974 exemplum
1494 1895 1647 1973 Apologiae
1666 1894 1813 1967 Socratis,
1827 1894 1867 1953 ah

1092 1983 1257 2044 Aristotelis
1276 1984 1428 2063 discipulis
1455 1984 1646 2060 fingerentur.
1663 1983 1740 2043 lllud
1764 1984 1867 2061 utique

301 2070 434 2138 Ἀαεόείας
446 2071 550 2153 γραφὴν
571 2084 673 2130 contra
692 2069 878 2153 Aristotelem
894 2068 1036 2147 prolatam
1091 2084 1203 2129 certum
1216 2085 1276 2146 est,
1291 2071 1534 2151 quemadmodum
1547 2070 1675 2131 Socratis
1692 2071 1741 2148 (cs.
1757 2070 1863 2130 Athen.
1974 2119 1975 2132 ,

261 2162 351 2221 luisse
365 2160 449 2219 multi
470 2172 539 2218 sunt
561 2160 613 2237 qui
636 2169 765 2217 narrant.
786 2157 872 2232 Diog.
889 2155 985 2216 laert.
1001 2155 1036 2231 V,
1090 2158 1126 2231 V,
1146 2180 1177 2237 p.
1193 2160 1264 2232 215,
1279 2159 1328 2239 C),
1351 2161 1434 2218 itaet
1452 2158 1617 2218 Aristotelis
1639 2177 1746 2217 nomen
1768 2178 1868 2237 quau·
1975 2225 1976 2230 φ

262 2250 279 2306 5
294 2268 303 2309 :
320 2248 356 2310 ‘0
371 2248 393 2307 δ’
408 2240 451 2307 οδν
466 2245 689 2327 Ἀριστοτέλης
708 2243 849 2316 ὑπεξῆλθεν
864 2245 899 2310 εἰς
914 2244 1036 2305 Χαλκίδα
1093 2266 1182 2323 quarn
1191 2246 1339 2307 (ίαιιοτειιί
1347 2247 1385 2306 ab
1394 2248 1440 2306 his
1448 2246 1550 2305 litibus
1559 2266 1619 2305 non
1629 2246 1756 2306 alienum
1766 2247 1866 2319 luisse,

263 2334 458 2416 Εὐρυμέδοντος
480 2333 557 2393 αὐτὸν
582 2336 628 2391 τοῦ
652 2330 803 2412 ἱεροφάντου
826 2331 901 2401 δίκην
917 2330 1037 2400 ιἰσεὸείας
1093 2334 1173 2410 quod
1186 2335 1297 2413 optime
1320 2333 1442 2395 eusebii
1468 2334 1635 2392 testimonio
1660 2332 1870 2411 comprobatur

260 2422 447 2505 γραψαμένου,
463 2420 481 2492 ἦ
496 2421 668 2499 Δημοφίλου,
685 2420 721 2487 ὥς
746 2441 809 2501 φησι
831 2416 988 2499 Φαόωρῖνος
1011 2422 1038 2479 is
1091 2422 1221 2499 Praepar.
1233 2422 1344 2500 Evang.
1354 2422 1415 2495 XV,
1426 2438 1454 2494 τ,
1466 2442 1496 2500 p.
1508 2442 1563 2497 791
1581 2420 1660 2490 :Tin
1675 2419 1723 2495 μέν
1742 2419 1792 2499 γάρ
1806 2427 1871 2493 Δη-

262 2512 418 2587 παντοδαπῇ
431 2508 558 2589 Ἱστορίᾳ,
569 2506 761 2584 ίπειδήπερτδν
776 2508 857 2584 ὕμνον
868 2507 990 2580 ίποίησεν
1002 2510 1039 2578 είς
1093 2511 1226 2589 μοχάρους
1238 2510 1464 2592 (olentium,
1476 2510 1556 2567 Orat.
1579 2521 1631 2569 att.
1657 2507 1774 2583 Fragm.
1797 2520 1818 2566 t.
1842 2507 1870 2566 ll
1978 2543 1979 2554 ι

261 2598 306 2657 τδν
322 2594 510 2675 προειρημένον
524 2593 670 2674 Ἑρμείαν,
683 2593 809 2655 illinet
824 2593 980 2674 ἐπίγραμμα
993 2596 1038 2654 inl
1094 2618 1126 2676 p.
1155 2600 1224 2678 θην)
1246 2597 1406 2679 κατηγορίαν
1426 2596 1496 2657 κατά
1519 2598 1572 2655 τῶν
1594 2596 1743 2677 φιλοσόφων
1767 2594 1793 2653 τί
1815 2596 1869 2675 χρδΙ
1972 2590 1977 2596 “

261 2691 306 2745 τοῦ
320 2686 346 2743 ίν
360 2687 469 2765 Δελφοῖς
482 2681 920 2763 άνδριάντοςτοιοδτον·Το’νκτλ.,
933 2683 1037 2743 Athen.
1093 2685 1198 2764 λόγους
1223 2689 1253 2747 οὔ
1276 2685 1328 2769 γάρ
1353 2684 1519 2765 Ἀριστοτέλη
1545 2683 1624 2762 μόνον
1648 2683 1717 2742 ἀλλὰ
1740 2680 1787 2741 καῖ
1809 2680 1870 2750 τοῖς

262 2774 323 2846 XV,
335 2794 365 2853 p.
377 2775 447 2851 696,
463 2774 505 2831 A:
518 2768 597 2832 Ἀλλίι
606 2770 658 2845 μὴν
668 2770 714 2829 καί
724 2769 754 2831 τδ
765 2769 816 2830 ὑπὸ
827 2775 873 2830 τοῦ
884 2774 1038 2850 πολυμαθι·
1095 2774 1190 2840 ἄλλους
1213 2776 1301 2841 κακῶς
1324 2774 1439 2854 εῖρηιιεν.
1454 2768 1517 2833 Ἔτι
1529 2795 1561 2851 γε
1577 2770 1631 2849 μὴν
1647 2769 1729 2837 αιίτδς
1742 2769 1789 2837 τδις
1808 2770 1871 2828 δια-

262 2862 359 2923 στάτου
370 2858 668 2943 γραφίνἈριστοτίλους
679 2858 850 2939 ιίςἙρμείαν
861 2859 904 2919 τὸν
914 2859 1039 2941 Ἀταρνέα
1094 2859 1174 2929 esti<
1190 2866 1295 2922 σκοπῶν
1310 2862 1342 2921 άν
1357 2886 1398 2929 τις
1418 2864 1508 2941 ληρεῖν
1526 2858 1606 2920 αδτδν
1629 2860 1704 2942 φαίη.
1719 2857 1799 2936 Λέγει
1819 2857 1872 2938 γάρ

262 2954 292 3012 οὖ
306 2952 389 3011 παιάν
405 2952 490 3023 έστιν,
505 2952 540 3016 tn
552 2952 566 3007 δ
580 2947 627 3021 τὴν
643 2952 690 3020 τῆς
709 2938 831 3017 άσεόῖίας
844 2949 913 3007 κατὰ
935 2955 980 3011 τοῦ
994 2972 1038 3031 φι-
1094 2950 1235 3019 ίπιστολδς
1245 2950 1444 3033 Ἀριστοτέλους
1457 2952 1559 3009 ἁλῶναι
1572 2947 1642 3008 κατά
1656 2952 1703 3019 τῆς
1714 2948 1814 3013 πολεως
1824 2951 1873 3017 τῆς

260 3040 373 3114 λοσόφου
395 3034 499 3119 γραφὴν
513 3034 724 3115 ἀπενεγκάμενος
746 3037 898 3117 Δημόφιλος
917 3038 954 3103 είς
972 3038 1039 3097 «ltu
1094 3038 1237 3113 Ἀθηναίων
1262 3039 1308 3101 καῖ
1331 3040 1478 3121 Στάγειραν
1502 3038 1550 3110 τὴν
1582 3037 1699 3117 πατρίδα
1729 3036 1871 3116 προδοῦναι

262 3151 291 3188 τε
308 3128 380 3205 lhaec
406 3128 448 3185 ita
471 3125 659 3183 emendavit:
676 3122 827 3203 Δημόφιλός
853 3148 892 3193 τις
912 3125 1037 3200 διέδωκε,
1094 3130 1247 3189 Μακεδόσιν
1268 3127 1365 3189 αιίτόν·
1385 3127 1426 3186 ίτι
1447 3126 1476 3187 il
1498 3126 1710 3207 κατασκαφείσης
1738 3122 1869 3185 ’olivum

263 3216 385 3288 Boseth,
401 3218 530 3270 Hermian·
562 3233 618 3269 υοιι
643 3219 798 3282 Atarneus,
824 3214 918 3273 Berol.
951 3216 1037 3290 1853,
1096 3218 1205 3293 μηνίειν
1218 3218 1262 3276 ini
1277 3222 1322 3275 soii
1337 3215 1552 3295 λαφυροπωλείου
1565 3215 1699 3293 Φιλίππῳ
1712 3210 1773 3279 τοὺς
1786 3212 1872 3269 πλου-

264 3324 293 3383 Ρ-
314 3305 379 3377 168)
393 3299 621 3378 παραῦκῑυαῦθῑῖς
634 3300 680 3357 ὑπ’
695 3298 908 3379 Εὐρυμέδοντος,
923 3306 959 3371 ὡς
978 3306 1040 3363 dos·
1094 3304 1237 3373 σιωτάτους
1250 3308 1301 3364 τῶν
1316 3303 1477 3375 Ὀλυνθίων,
1490 3300 1663 3381 Sophoclem
1673 3311 1786 3371 autem,
1798 3300 1872 3375 legis

264 3388 371 3457 θοῦνιος
389 3388 435 3446 καὶ
458 3384 565 3465 ᾄδοντος
580 3387 606 3445 έν
627 3393 682 3453 τοῖς
703 3386 844 3451 συσσιτίοις
860 3390 989 3469 ὁσημέραι
1004 3394 1040 3458 εἰς
1094 3406 1261 3464 auctorem,
1286 3411 1303 3450 a
1326 3390 1451 3450 Philone
1472 3389 1617 3469 quodam,
1634 3388 1800 3448 Aristotelis
1822 3386 1871 3445 di·

263 3476 307 3536 τδν
322 3473 451 3555 Ἑρμείαν
460 3481 570 3545 παιᾶνα,
583 3474 711 3534 tillem
722 3473 834 3534 σκολίων
846 3474 872 3534 ίν
882 3500 908 3534 τι
920 3478 964 3537 καί
975 3480 1041 3539 αὐτὸ
1095 3480 1209 3557 scipulo
1235 3482 1435 3557 impugnatum
1473 3496 1555 3552 esse,
1581 3476 1619 3537 cf.
1649 3474 1752 3535 Athen.
1779 3472 1869 3544 ΧΙΙΙ,

264 3555 330 3631 εἶδός
344 3565 432 3635 ίστιν,
449 3564 544 3621 Διιοη.
555 3560 620 3622 viu
633 3563 799 3623 Aristotelis
813 3564 963 3631 adcaloem
973 3568 1042 3627 llio·
1094 3586 1126 3645 p.
1141 3570 1212 3639 6ιο,
1229 3566 1273 3628 F:
1291 3564 1345 3626 Καί
1369 3565 1505 3646 Σοφοκλῆς
1524 3564 1553 3623 δέ
1572 3553 1620 3630 τις
1631 3562 1785 3644 ψηφίσματι
1809 3558 1870 3632 ibi·

264 3656 347 3729 genis
367 3651 476 3710 Laeuii
491 3651 538 3711 ed.
555 3651 656 3711 Didot.
672 3673 703 3730 p.
725 3653 757 3710 13
762 3694 771 3723 ,
788 3662 815 3720 θ.
831 3653 952 3713 Causam
972 3677 1040 3735 pro·
1095 3656 1161 3715 λασε
1179 3654 1279 3721 πάντας
1301 3652 1456 3735 φιλοσόφους
1469 3657 1517 3725 τῆς
1530 3652 1665 3725 Ἀττικῆς,
1680 3640 1779 3711 καθὀό
1795 3648 1871 3727 λόγον

265 3754 329 3820 pter
341 3760 427 3819 quam
439 3740 550 3799 illatum
567 3752 610 3798 est
624 3740 735 3798 crimen
750 3740 836 3799 aliam
851 3742 981 3803 indicare
991 3746 1040 3804 vi-
1097 3741 1195 3822 ἔγραψε
1211 3742 1321 3818 Φίλων,
1332 3745 1347 3800 δ
1360 3741 1550 3821 Ἀριστοτέλους
1563 3738 1705 3822 γνώριμος.

265 3832 349 3888 θεων
358 3830 499 3905 Origenes
510 3850 536 3889 c.
551 3827 667 3887 Celsum
679 3832 703 3899 1,
719 3849 745 3889 c.
760 3829 810 3887 65:
823 3821 907 3899 Οὗτος
917 3832 967 3912 γδρ
979 3832 1041 3892 libi
1139 3831 1181 3889 ue
1200 3832 1286 3891 titulo
1308 3830 1458 3892 Orationis
1473 3830 1637 3890 Aristotelis
1658 3828 1777 3887 nomine
1798 3827 1871 3886 falso

266 3919 463 3995 συγκροτεῖσθαι
474 3914 570 3991 μέλλον
583 3914 641 3973 κατ’
651 3917 729 3973 αὐτοῦ
744 3914 912 3997 δικαστήριον
925 3923 961 3986 ὡς
971 3918 1042 3980 acri
1095 3919 1255 4000 inscriptae,
1272 3921 1389 3979 vomant
1400 3919 1572 3997 Anonymus
1584 3932 1613 3977 et
1629 3918 1791 3977 Athenaeus.
1810 3917 1871 3973 Ple·

267 4002 377 4069 άσιόοῦς
399 4000 443 4061 διά
461 4025 520 4060 τινα
542 4002 662 4079 δόγματα
688 4002 903 4084 τῆςφιλοσοφίας
925 4008 1003 4067 αὐτοῦ
1024 4006 1042 4065 δ
1096 4010 1208 4069 niorem
1223 4009 1342 4069 exhibet
1356 4009 1407 4067 ille
1419 4031 1428 4067 ε
1441 4006 1581 4082 Ἀπολογία
1596 4004 1730 4073 rhetitius
1740 4004 1803 4084 πρδς
1813 4004 1872 4063 Εὖ·

268 4092 393 4168 ἐνόμισαν
422 4080 490 4149 εῖναι
511 4090 594 4163 dorii
615 4092 639 4149 οί
658 4089 806 4169 Ἀθηναῖοι,
819 4094 846 4150 ίν
865 4094 979 4155 Χαλκίδι
995 4096 1042 4164 τδις
1097 4100 1258 4177 ρνμέδοντα,
1273 4098 1322 4156 hic
1336 4116 1407 4156 vero
1418 4097 1534 4169 melius,
1546 4095 1715 4167 uiridem,
1731 4091 1872 4167 Ἀπολογία

267 4178 403 4261 δὶατρνὸδς
421 4177 566 4249 ἐποιήσατο
587 4179 819 4257 ἀπολογησόμενος
832 4190 885 4250 τοῖς
902 4183 1042 4262 γνωρίμοις
1095 4189 1142 4256 τῆς
1163 4184 1301 4257 ιἰσεθείας,
1317 4205 1408 4261 quum
1433 4198 1504 4245 teste
1530 4184 1677 4243 Favorino
1702 4179 1778 4260 apud
1797 4178 1872 4237 llio·

268 4270 314 4328 καί
336 4266 465 4348 λέγωνί
489 4264 621 4346 Ἀπίωμεν
648 4266 701 4325 άπὸ
724 4271 776 4327 τῶν
796 4268 924 4343 Ἀθηνῶν,
938 4270 981 4331 ἵνα
1003 4274 1042 4349 μὴ
1096 4292 1198 4349 genem
1237 4272 1385 4332 laertium
1397 4272 1433 4345 V,
1450 4270 1578 4351 9,λόγος
1608 4268 1738 4333 δικανικὸς
1766 4264 1870 4345 luerit,

268 4356 400 4438 πρόφασιν
424 4358 512 4431 δῶμεν
526 4354 670 4428 Ἀθηναίοις
688 4360 734 4415 τοῦ
756 4355 873 4437 δεύτερον
895 4358 956 4435 ἄγος
978 4361 1042 4420 dnn·
1096 4374 1197 4418 contra
1217 4358 1337 4427 δσεόείας
1350 4358 1454 4443 γραφὴν
1465 4360 1600 4438 scriptus.

268 4442 360 4505 λαόιῖν
375 4444 562 4522 παραπλήσιον
576 4450 614 4527 τῷ
626 4443 696 4505 κατδι
708 4446 878 4525 Σωκράτους,
888 4446 934 4505 καί
946 4446 989 4507 ίνα
1002 4449 1041 4525 μὴ
1322 4500 1326 4506 ,
1453 4493 1491 4551 63

270 4528 390 4608 δεύτερον
404 4534 440 4599 είς
463 4532 618 4613 φιλοσοφίαν
634 4531 810 4605 αἰσεόήσωσιν.
824 4562 837 4587 ι
859 4534 952 4611 liujus
970 4535 1043 4597 dicti
1440 4489 1450 4565 l
1492 4491 1532 4571 9⁰)
1791 4572 1794 4577 -

270 4620 380 4680 mentio
394 4620 470 4699 apud
486 4622 560 4681 alios
572 4642 690 4701 quoque
701 4636 812 4699 exstat,
824 4635 857 4681 ut
869 4626 947 4701 apud
958 4624 1043 4685 AElia·
1139 4630 1296 4693 Athenaeus
1312 4632 1362 4695 XV
1376 4654 1408 4710 p.
1427 4647 1495 4709 697,
1509 4634 1533 4691 A
1549 4651 1555 4687 :
1572 4627 1652 4689 Ἀλλά
1667 4625 1719 4704 plu
1733 4625 1779 4685 καί
1794 4626 1873 4694 αὖτίς

270 4728 339 4769 num
352 4706 416 4768 Var.
432 4707 507 4767 llist.
520 4706 576 4784 lll,
591 4710 638 4782 36,
653 4709 755 4770 David.
771 4710 803 4768 in
825 4710 925 4787 Categ.
938 4731 967 4789 p.
989 4715 1039 4785 26,
1102 4714 1136 4776 ’A
1147 4722 1392 4797 ριατοτίληςίν
1414 4724 1448 4800 τῇ
1462 4716 1600 4795 ’Ἀπολογίᾳ
1623 4719 1669 4787 τῆς
1685 4713 1823 4789 ιἰσεάείας,
1848 4714 1872 4773 εί

271 4825 1862 4853 --———----·-------.........--—-—--

480 4875 659 4928 turtureus
671 4876 830 4926 uurensm.
1099 4888 1130 4933 ut
1141 4887 1238 4937 mortui
1251 4888 1387 4952 pusulam
1401 4908 1408 4937 ι
1421 4899 1482 4946 nec,
1493 4884 1514 4933 si
1529 4886 1617 4935 natura
1629 4882 1794 4935 immortalem
1807 4892 1871 4947 pm·

301 4963 444 5014 Aristoteles
465 4963 491 5013 in
510 4961 625 5027 Apologia
643 4960 763 5013 adversus
785 4962 919 5027 impietatis
936 4962 1044 5026 crimen,
1099 4971 1182 5024 mesre
1197 4975 1293 5028 animus
1305 4969 1844 5038 erammpulcmlibnsomassemhouorlbus.
1856 4988 1870 5013 ι

271 5049 317 5099 nisi
332 5049 486 5115 supposititia
496 5050 581 5101 Oratio
596 5053 643 5109 est,
656 5048 692 5099 ait
703 5069 710 5099 ι
722 5068 734 5092 «ι
747 5052 800 5100 Nou
814 5062 872 5101 sane
885 5050 1046 5114 equidem‚si

272 5136 377 5188 llcnnim
387 5139 416 5189 ut
424 5136 556 5189 immortali
564 5135 702 5189 sacrificare
711 5135 852 5199 voluissem,
860 5140 1046 5189 monumentum
