4017 5984
860 426 1083 487 bitterense.
1733 430 1770 487 95

213 561 259 621 vl.
280 561 364 636 biog.
380 559 476 617 Laert.
498 558 552 630 ill,
574 559 611 616 85
636 578 643 617 :
666 560 723 626 Τῆς
743 559 863 636 ἰατρικῆς
876 561 946 618 ἐστιν
1002 558 1061 617 δόο·
1075 562 1089 617 ό
1101 557 1148 632 μέν
1161 557 1212 637 γὰρ
1229 558 1308 616 αὐτοῦ
1322 556 1513 635 γεγραμμένος,
1532 557 1580 617 ὁδ’
1598 557 1720 639 ἄγραφος.
1735 548 1772 641 ᾯ

174 648 231 720 εἴδη
251 647 340 718 πέντε,
352 654 370 721 ἡ
390 647 438 724 μὲν
452 644 671 727 ραρμακευτική,
690 650 707 716 ἡ
725 645 752 703 δὲ
766 646 945 726 χειρουργική,
1002 643 1050 721 μέν
1071 646 1097 702 έν
1108 650 1166 709 ταῖς
1180 643 1273 703 πόλεσι
1282 641 1481 719 πολιτευόμεθα,
1494 643 1673 723 γιγραμμένος
1687 644 1772 701 ἐστίν·

174 736 233 805 ἠδέ
248 737 408 809 διαιτητική,
422 733 478 804 ἡδὲ
490 732 710 811 νοσογνωμονικὴ,
720 737 738 804 ἡ
749 733 778 791 δέ
793 734 946 813 βοηθητική.
998 737 1014 791 ὁ
1029 731 1056 791 δέ
1067 731 1135 790 κατὰ
1153 731 1198 803 ἔθη
1213 730 1346 808 γινόμενος
1361 720 1432 798 οὗτος
1445 729 1559 809 ἄγραφος
1573 732 1706 789 καλεῖται·
1722 722 1774 791 οἷον

174 824 210 884 Ἣ
223 824 271 899 μέν
280 820 480 903 φαρμακευτικὴ
497 820 541 881 διὰ
573 821 700 901 αρμάκινν
717 822 790 880 ἰᾶται
798 820 846 887 τάς
859 824 946 903 άρρω·
999 821 1030 880 τὸ
1050 819 1362 900 μὴγυμνδνπορεόεάθαι
1377 815 1470 889 εἰςτλν
1487 816 1583 899 ἀγοράν
1601 817 1668 894 μηδὲ
1683 842 1774 898 γυναι-

174 904 264 980 ῦτῖας,
286 900 347 973 ἠδὲ
364 899 533 982 Χῑῑρθυθῖαθ
551 844 595 957 Ze&
617 905 665 958 τοῦ
684 899 788 978 filimi
801 902 847 960 καὶ
863 900 945 961 κῦῖῑῑν
999 918 1069 976 ηεῑον
1085 908 1190 985 ἱμάτιον
1203 905 1419 987 περιόάλλεσθαι.
1437 908 1530 966 Ταῦτα
1544 906 1595 985 γὰρ
1604 906 1686 973 οὐδεὶς
1699 908 1776 982 νόμος

174 992 286 1069 ὑγιάζει,
300 995 319 1063 ἡ
335 990 364 1049 δέ
375 986 524 1061 διαιτητικὴ
541 987 585 1048 διδ
596 994 644 1047 τοῦ
657 989 760 1049 διαιτᾶν
781 989 947 1049 ἀπαλλάττει
1004 996 1112 1069 κωλύει,
1126 996 1184 1055 ἀλλ’
1197 996 1268 1072 ὅμως
1278 998 1307 1055 οὗ
1320 995 1469 1075 πράττομεν
1483 993 1525 1053 διὰ
1539 994 1569 1053 τὸ
1581 995 1691 1074 ἀγράφῳ
1704 996 1775 1073 νόμῳ

173 1077 220 1145 τός
232 1076 392 1159 ἀρρωστίας,
412 1080 429 1147 ἡ
449 1074 477 1135 δὲ
498 1075 708 1152 νοσογνωμονικὴ
722 1076 766 1135 διὰ
781 1080 828 1135 τοῦ
851 1081 948 1155 γνῶναι
1001 1082 1158 1145 κωλύεσθαι.
1176 1086 1231 1143 Τοῦ
1246 1082 1390 1161 άροινόμοο
1405 1083 1475 1142 ἐστὶν
1490 1087 1505 1141 θ
1518 1082 1565 1159 μὲν
1582 1082 1774 1163 γεγραμμένος,

173 1166 204 1227 τὸ
218 1164 420 1246 ἄρρόπημηὴ
435 1164 462 1222 δὲ
486 1163 631 1244 βοηθητικὴ
651 1164 694 1223 διά
708 1171 753 1224 τοῦ
767 1170 896 1244 βοηθῆσαι
912 1168 948 1233 εἰς
971 1179 977 1230 t
1001 1176 1016 1231 b
1031 1174 1053 1231 δ’
1066 1170 1194 1252 ἄγραρος.

173 1254 204 1313 τὸ
219 1256 388 1333 παραχρῆμα
403 1252 568 1311 ἀπαλλάττει
582 1257 629 1324 τῆς
650 1252 801 1330 άλγηδόνσς.
820 1254 877 1325 Τῆς
895 1254 947 1337 ἄρα
1041 1258 1114 1317 cod.
1129 1257 1218 1317 Mare.
1234 1277 1272 1314 no
1287 1280 1294 1313 r
1310 1260 1455 1336 Διαιρεῖται
1473 1261 1487 1315 ό
1505 1256 1582 1331 νόμος
1595 1259 1631 1324 εἰς
1642 1258 1687 1315 δύο
1700 1282 1707 1295 ·
1721 1258 1776 1315 ἔστι

173 1346 292 1423 ἰατρικῆς
312 1347 329 1414 ἡ
349 1341 399 1419 μέν
415 1344 472 1401 έστι
494 1341 709 1422 φαρμακευτική,
733 1348 750 1416 ἡ
770 1342 800 1404 δέ
823 1366 946 1424 χειροορε
1001 1342 1051 1424 γδιρ
1064 1345 1143 1403 αὐτοῦ
1161 1342 1189 1401 ἓν
1204 1342 1252 1419 μέν
1273 1342 1464 1423 γεγραμμένον,
1479 1342 1507 1400 ἓν
1518 1342 1546 1401 δέ
1561 1350 1685 1423 ἄγραφον.
1696 1340 1776 1405 'tinec

172 1431 245 1509 γενεή,
261 1434 278 1503 ἡ
293 1430 320 1489 δέ
335 1430 553 1508 νοσογνωμονική,
573 1434 590 1501 ἡ
605 1430 633 1489 δέ
648 1432 805 1510 βοηθητική.
1000 1432 1056 1491 did
1074 1431 1120 1510 μὲν
1139 1428 1321 1511 γεγραμμένος
1331 1434 1389 1489 καθ’
1402 1431 1432 1491 δν
1447 1432 1481 1489 τὰ
1491 1429 1610 1509 σόμόολα
1625 1434 1775 1491 συναλλάσ-

212 1520 286 1581 cod.
301 1520 392 1579 Marc.
408 1521 444 1577 61
465 1522 636 1598 εΔιαιρείται
649 1524 667 1592 ἡ
680 1519 788 1599 ῖιιτρικλ
799 1522 836 1587 εἰς
857 1521 946 1581 πέντε·
1001 1543 1081 1598 σομεν
1098 1517 1143 1579 καὶ
1168 1519 1214 1587 τὰς
1237 1520 1318 1585 ἄλλας
1334 1518 1397 1599 πρὸς
1412 1522 1540 1593 ἀλλήλους
1553 1520 1658 1601 προέξεις
1673 1524 1778 1603 διακρί-

172 1608 326 1688 reptent?
339 1609 485 1679 αθιῆςέστι
499 1608 727 1687 φαρμακευτικόν,
740 1609 771 1669 τὸ
784 1609 947 1689 δόχειρουρ-
1001 1630 1078 1682 νομεν
1106 1605 1152 1665 καὶ
1176 1607 1264 1667 πάντα
1291 1606 1325 1667 τά
1349 1616 1457 1667 τοιαῦτα
1487 1611 1681 1687 οἷκονομοῦμεν·
1711 1613 1724 1668 ό
1750 1610 1777 1668 δὲ

173 1694 266 1773 γικόν,
283 1694 313 1755 εδ
331 1693 360 1755 δέ
376 1694 550 1767 διαιτητικόν,
570 1694 601 1754 τδ
613 1692 641 1752 δὲ
654 1696 863 1773 νοσογνωμιιεόν,
877 1696 908 1755 εδ
919 1698 948 1756 δὲ
1001 1695 1117 1775 ἄγραφος
1135 1698 1194 1753 καθ’
1210 1693 1238 1753 δν
1257 1693 1292 1751 τδι
1306 1696 1351 1765 ἔθη
1365 1698 1391 1753 έν
1411 1696 1468 1762 ταῖς
1482 1696 1588 1755 πόλεσιν
1609 1694 1714 1764 αὔξεται
1733 1697 1778 1756 καὶ

174 1783 343 1863 βοηθητικόν.
361 1784 415 1843 Καὶ
425 1786 443 1853 ἡ
454 1783 502 1858 μθν
515 1783 717 1861 φαρμακευτικὴ
727 1781 770 1842 διά
782 1784 948 1861 φαρμακείας
1002 1783 1133 1857 διαμένει.

172 1874 245 1931 ἰᾶται
260 1871 308 1937 τδις
328 1871 494 1951 ἀρρωστίας,
515 1875 533 1941 ἡ
547 1871 576 1929 δὲ
590 1869 759 1950 χειρουργικὴ
782 1869 826 1931 διδ
839 1878 887 1930 τοῦ
900 1872 946 1931 τέ-
1041 1870 1121 1931 vllt.
1142 1871 1230 1946 Diog.
1247 1875 1342 1929 Laert.
1357 1871 1419 1941 111,
1438 1872 1486 1928 86:
1503 1870 1536 1930 ‘0
1547 1870 1622 1950 λόγος
1641 1872 1778 1949 διαιρεῖται

175 1982 249 2037 μνειν
258 1959 304 2016 καλ
315 1959 399 2017 καίειν
415 1957 516 2036 ὑγιάζει
529 1956 588 2024 τοὺς
598 1956 761 2037 κάμνοντας,
776 1959 832 2032 ἡδθ
843 1962 947 2033 διαιτη-
1004 1960 1041 2023 εἰς
1057 1957 1147 2029 πέντε,
1159 1948 1196 2016 ὧν
1211 1946 1247 2023 εἷς
1263 1958 1311 2033 μέν
1324 1956 1434 2016 έστινὸν
1448 1960 1472 2015 οἱ
1483 1957 1677 2035 πολιτευόμενοι
1687 1958 1779 2035 λέγου-

174 2046 236 2119 eet
249 2043 293 2105 διὰ
304 2050 351 2105 τοῦ
363 2046 466 2105 διαιταν
477 2045 638 2108 ἀπαλλάττει
651 2050 698 2117 τῆς
711 2048 858 2126 ἀρρωστίας
869 2094 878 2118 ,
889 2052 907 2119 ἡ
919 2050 947 2107 δὲ
1001 2067 1043 2102 σιν
1058 2045 1085 2101 ἐν
1097 2052 1155 2109 τοῖς
1176 2043 1376 2115 iniectare&
1398 2047 1518 2103 καλεῖται
1531 2043 1676 2111 πολιτικός·
1696 2044 1773 2122 ἑτέρα

171 2123 355 2201 νοσογνωμικὴ
378 2122 421 2182 διὰ
438 2132 484 2184 τοῦ
503 2128 601 2203 γνῶναι
615 2122 664 2196 τὴν
685 2124 760 2185 νόσον
775 2124 856 2194 οὕτως
872 2131 946 2186 ἰᾶται
1003 2128 1032 2189 δέ
1044 2129 1168 2209 διαίρεσις
1188 2129 1265 2206 λόγον
1280 2128 1307 2188 δν
1320 2135 1344 2191 ot
1358 2130 1464 2211 ῥήτορες
1476 2129 1603 2211 γράφουσι
1615 2129 1661 2190 καὶ
1674 2132 1708 2197 εἰς
1722 2132 1780 2189 έπέ-

174 2213 219 2271 εὸν
234 2215 376 2283 νοσοῦντα,
390 2216 408 2284 ἡ
427 2210 455 2271 bi
476 2211 621 2291 βοηθητικὴ
646 2209 688 2271 διά
703 2215 755 2271 τῶν
772 2214 948 2292 βοηθημάτων
1005 2216 1083 2285 δειξίν
1103 2240 1132 2275 τε
1148 2217 1306 2297 προφέρουσι
1320 2218 1366 2276 καὶ
1385 2222 1421 2284 εἷς
1435 2216 1552 2295 έγιιόνμια
1562 2218 1608 2275 καλ
1622 2217 1716 2297 ψόγους
1734 2217 1792 2277 καὶ.

174 2301 275 2378 ὑγιάζει
286 2298 345 2365 τοὺς
359 2302 538 2365 ἀσθενοῦντας.
1002 2303 1178 2381 κατηγορίας·
1198 2303 1228 2361 τὸ
1255 2302 1286 2374 δὴ
1311 2310 1426 2363 τοιοῦτον
1457 2295 1523 2372 εἶδός
1550 2307 1604 2363 ἐστι
1633 2302 1779 2384 ῥητορικόν.

215 2388 278 2447 Vll.
307 2388 392 2464 Diog.
416 2388 509 2447 lnert.
534 2391 594 2460 lli,
616 2389 653 2446 86
679 2389 796 2466 εΝόμου
811 2391 949 2468 διαιρέσεις
1001 2388 1088 2467 Τρίτη
1111 2388 1139 2449 δέ
1160 2389 1284 2470 διαίρεσις
1309 2390 1388 2469 λόγου
1413 2390 1440 2449 ὃν
1465 2394 1488 2449 οἱ
1515 2392 1615 2449 ἰδιῶται
1642 2392 1781 2468 διαλέγου--

173 2614 244 2677 pune
266 2613 336 2676 igitur
352 2612 406 2661 attae
428 2610 568 2661 theoreticae
590 2611 661 2671 sunt,
679 2610 732 2658 atie
751 2610 878 2673 practice,
898 2611 951 2660 atiae
975 2637 980 2723 γ
1004 2610 1175 2661 tinnotiberat.
1189 2610 1314 2661 tdedieiure
1326 2624 1382 2673 ergo
1394 2624 1469 2674 genus
1478 2626 1552 2660 unum
1567 2611 1679 2675 estquod
1693 2611 1716 2659 in
1730 2624 1780 2659 me-

172 2700 299 2751 edeetirae.
975 2726 980 2751 ν
1003 2695 1158 2758 dicamentis,
1170 2696 1270 2748 aitcmm
1285 2697 1350 2760 quod
1366 2698 1498 2761 chirurgia,
1510 2698 1608 2747 tertium
1621 2698 1683 2761 quod
1702 2698 1781 2747 rietus

205 2794 228 2839 8.
247 2786 377 2850 Disciplina
395 2785 511 2836 dividitur
525 2787 549 2835 in
569 2788 619 2837 tres
639 2786 741 2850 species.
757 2788 811 2835 Una
831 2788 895 2835 enim
915 2790 952 2836 est
1005 2784 1111 2846 ratione,
1123 2786 1236 2847 quartmn
1249 2784 1313 2847 quod
1331 2785 1467 2833 morborum
1482 2784 1656 2847 perspicientia,
1672 2786 1797 2847 quintum·

173 2888 230 2940 que
246 2874 326 2924 nudet
350 2872 521 2936 speculationi,
536 2874 612 2922 attera
629 2886 685 2936 quae
703 2885 766 2936 opus
784 2870 869 2932 edicit,
883 2870 952 2921 tertia
1005 2870 1070 2933 qrrod
1086 2870 1198 2921 remediis
1213 2870 1356 2921 continetur.

174 2977 230 3027 quae
242 2962 266 3011 in
282 2961 374 3012 actione
387 2962 490 3011 constst.
499 2960 639 3010 tbeoretioa
650 2959 691 3009 itta
704 2962 741 3009 est
754 2958 823 3019 errius
835 2962 907 3021 caput
916 2960 953 3007 est
1038 2962 1077 3008 st.
1094 2956 1212 3009 btedicina
1231 2956 1255 3007 in
1276 2957 1382 3021 quinque
1400 2956 1515 3007 diridttur
1533 2960 1612 3021 partes
1631 2976 1638 3007 ε
1655 2971 1703 3007 una
1717 2958 1780 3007 enim

175 3049 323 3114 speculatio,
339 3048 402 3099 sicud
422 3047 569 3111 geometria,
583 3045 746 3107 arithmetica,
761 3044 854 3096 musica
869 3046 893 3094 et
906 3044 952 3094 tnr-
1007 3048 1044 3096 est
1057 3045 1082 3095 in
1094 3038 1284 3106 medicamentis,
1302 3045 1377 3095 attera
1389 3045 1412 3095 in
1427 3044 1575 3109 chirurgica,
1587 3045 1656 3097 tertia
1669 3044 1694 3095 in
1708 3046 1781 3107 rictu,

172 3138 279 3200 jusmodi
286 3136 392 3200 retiquae.
401 3136 523 3186 Etteedirae
531 3136 644 3197 caputest
652 3134 817 3198 opusettioere
826 3136 853 3183 ut
864 3132 953 3183 edium
1005 3138 1091 3197 quarta
1104 3134 1128 3181 in
1140 3133 1272 3196 cognitione
1283 3132 1436 3194 morborum,
1453 3134 1534 3195 quinta
1548 3132 1572 3181 in
1584 3133 1704 3183 remediis.
1720 3136 1782 3191 Qum

175 3228 297 3277 structura
309 3228 335 3275 et
353 3224 470 3274 statuaria
485 3226 645 3287 etquesunt
663 3222 762 3273 simies.
779 3221 895 3272 Praeticoe
912 3234 951 3271 oa·
1007 3221 1086 3270 estin
1104 3220 1283 3271 medicamentis
1302 3220 1420 3270 medicata
1438 3220 1532 3283 potione
1546 3220 1637 3269 morbis
1655 3220 1782 3283 subvenit,

175 3311 219 3372 put
233 3310 297 3359 aetio
310 3310 363 3368 est,
377 3312 404 3357 ut
415 3306 550 3368 medicina,
562 3321 602 3357 ers
616 3306 769 3369 inperatoria
781 3307 805 3355 et
816 3304 913 3381 potitiea
926 3306 953 3355 et
1005 3307 1140 3370 chirurgica
1157 3306 1261 3358 secando
1276 3310 1299 3358 et
1315 3307 1406 3357 urendo
1417 3308 1485 3357 sanat
1507 3310 1667 3370 egrotantem
1686 3322 1741 3371 quoe
1758 3309 1783 3359 in

175 3398 229 3447 attae
243 3398 311 3447 tates.
334 3396 472 3459 Disciptime
497 3395 568 3459 igitar
587 3395 642 3446 atiae
661 3393 880 3455 montensem,
896 3392 952 3444 stiae
1006 3394 1071 3445 rictu
1087 3397 1137 3455 est,
1155 3394 1232 3445 rietus
1248 3394 1339 3445 ratione
1357 3394 1423 3457 pettit
1441 3394 1609 3458 egritudines:
1630 3408 1685 3457 quae
1703 3395 1727 3444 in
1743 3406 1782 3445 eo·

175 3487 301 3548 praedece,
314 3484 368 3533 abae
382 3482 509 3536 macore.
565 3550 569 3558 ι
1006 3480 1111 3545 gnitione
1128 3480 1267 3532 morbomm
1278 3483 1397 3543 rmsatur,
1409 3480 1520 3531 medetur
1531 3482 1628 3545 egrotis
1644 3481 1721 3532 morbi
1734 3482 1782 3532 dis·

208 3578 246 3623 5³.
266 3571 403 3634 Disciptiuae
420 3572 510 3622 intres
527 3572 619 3633 species
633 3570 775 3621 dividentur
793 3572 872 3620 :sunt
889 3568 953 3619 enim
1007 3574 1196 3635 eodenmque
1213 3572 1238 3622 in
1257 3570 1385 3635 remediis,
1397 3570 1556 3622 remediorum
1573 3572 1662 3621 auritio
1674 3553 1783 3622 infirmos

147 3652 152 3659 ’
176 3662 231 3709 atine
247 3659 346 3721 primm,
357 3658 411 3708 attae
422 3658 551 3718 mundae,
562 3659 616 3709 attae
631 3659 717 3709 tertie.
731 3658 820 3707 Primae
832 3659 954 3721 scarane
1007 3662 1169 3711 insanitatem
1184 3660 1299 3711 restituit.

176 3746 208 3795 ad
223 3744 408 3809 comparandam
427 3746 551 3795 matenam
572 3745 767 3807 inservierimus
792 3746 823 3795 ad
844 3744 954 3795 fodienda
1039 3749 1090 3797 vu.
1106 3747 1175 3810 begis
1190 3748 1310 3810 geminam
1325 3760 1379 3797 esse
1390 3746 1580 3797 distributionem
1594 3766 1600 3797 ι
1612 3748 1710 3797 atteram
1726 3748 1783 3797 seri·

176 3832 283 3895 metatis,
294 3830 409 3883 cereum
420 3831 484 3895 tigna
495 3834 520 3881 et
532 3831 635 3895 lapidem
649 3834 731 3883 attere
743 3846 803 3883 vero
814 3846 869 3896 qum
880 3833 904 3881 in
916 3832 953 3883 et·
1007 3838 1086 3898 ptam,
1098 3835 1198 3885 attemm
1208 3848 1268 3885 vero
1283 3848 1332 3884 non
1346 3834 1470 3898 scriptam,
1487 3834 1594 3884 Priorem
1604 3834 1668 3883 ittam
1684 3848 1738 3885 esse
1748 3836 1782 3885 ci·

176 3920 278 3972 memo
287 3922 312 3970 et
322 3918 513 3969 transtormando
522 3922 656 3980 comentur,
670 3922 698 3969 ut
710 3933 751 3969 ars
762 3919 859 3969 terrane
872 3921 951 3969 trans·
1005 3922 1092 3985 uitem,
1107 3935 1155 3986 qua
1171 3920 1367 3971 administramus
1379 3922 1567 3985 rempubticam;
1579 3934 1634 3985 quae
1646 3936 1704 3971 rem
1724 3922 1783 3972 citra

101 4048 112 4058 .
176 4010 388 4071 tornationem,
408 4009 574 4067 trenn,arma
595 4011 620 4059 et
639 4008 726 4059 simitiu
746 4008 954 4060 innuerem
1007 4010 1149 4073 scripturam
1161 4012 1491 4069 constet,enmaneturaet
1505 4024 1551 4060 usu
1564 4010 1680 4073 pmtieisci
1694 4030 1700 4060 ι
1713 4008 1783 4073 quate

177 4112 235 4147 rero
250 4095 388 4147 etebornndi
406 4095 496 4160 lapides
510 4096 556 4146 tros
573 4095 729 4145 transiormat
743 4095 888 4146 exetnrendo
899 4109 953 4145 mu·
1006 4100 1044 4148 est
1055 4098 1146 4148 nudum
1157 4098 1182 4147 in
1191 4098 1243 4148 toro
1251 4098 1375 4148 ambulare
1386 4112 1434 4148 non
1445 4097 1533 4149 debere
1545 4101 1587 4149 aut
1597 4098 1706 4149 mutiebri
1717 4101 1783 4149 ueste

177 4200 233 4246 ros,
243 4185 309 4235 nites
324 4185 349 4233 et
359 4182 454 4233 similia.
469 4185 564 4233 Rursus
579 4196 639 4233 vero
652 4184 730 4233 tertiae
747 4182 894 4247 [iungendo
911 4196 953 4233 oe·
1007 4187 1041 4236 uti
1047 4204 1055 4247 ;
1069 4186 1122 4236 beo
1131 4186 1194 4237 enim
1206 4186 1272 4235 nottn
1286 4187 1373 4251 scripta
1386 4184 1438 4250 iege
1448 4184 1604 4249 prohibentur
1616 4204 1622 4236 :
1636 4198 1691 4249 qrrm
1702 4188 1783 4235 tamen

177 4272 328 4336 cupnntorlz
344 4284 385 4321 ers
395 4272 458 4321 enim
477 4270 598 4334 equitandi
618 4270 721 4321 assumit
738 4271 832 4321 trenam
850 4274 875 4320 et
892 4269 954 4323 bene
1005 4287 1054 4323 non
1070 4274 1178 4337 agimus,
1192 4274 1256 4337 qood
1273 4274 1323 4337 tege
1340 4273 1494 4337 conscripta
1512 4276 1630 4323 venum.
1649 4276 1697 4323 bes
1712 4274 1784 4337 igitur

178 4373 207 4408 eo
224 4360 316 4409 utitur:
333 4371 373 4409 ars
385 4357 489 4408 bettandi
502 4357 577 4407 armis
594 4359 619 4407 et
636 4356 754 4407 similibus
768 4357 853 4418 utitur,
867 4356 954 4409 deinde
1006 4359 1053 4409 etia
1067 4362 1103 4410 est
1117 4360 1215 4424 scripte,
1228 4360 1274 4411 aiis
1285 4374 1333 4410 uon
1345 4360 1442 4424 scripta.

178 4461 218 4495 ars
229 4445 403 4496 tibissmnendi
421 4446 485 4495 tibiis
495 4447 556 4495 bene
571 4445 655 4507 utitur,
664 4448 689 4495 et
703 4458 745 4495 ers
756 4457 842 4495 nerem
856 4444 954 4509 regendi
1038 4453 1077 4498 νο.
1095 4450 1144 4497 Lex
1153 4448 1177 4497 in
1189 4446 1250 4498 dues
1262 4448 1354 4511 speeies
1365 4446 1479 4497 dividitur
1489 4466 1495 4497 ε
1507 4447 1616 4497 ostentm
1626 4460 1672 4495 una
1684 4448 1782 4511 scripta,

179 4534 337 4593 gubernaeuto
350 4535 375 4584 et
388 4534 441 4583 diis
451 4534 578 4584 simitibus.
1006 4531 1081 4583 attera
1104 4547 1161 4585 rero
1177 4546 1226 4583 non
1245 4532 1340 4596 scnpm
1369 4536 1418 4584 tes
1435 4533 1524 4596 scripta
1549 4546 1578 4583 ea
1598 4536 1635 4582 est
1652 4532 1782 4583 seeundum

211 4625 251 4672 tt.
268 4622 397 4673 Medicinae
408 4622 514 4685 qumque
524 4621 617 4685 species
630 4634 684 4671 esse
702 4620 792 4671 :ubam
807 4622 895 4686 quippe
906 4620 953 4673 diei
1005 4636 1078 4687 quam
1084 4622 1248 4673 contrabimus
1256 4622 1377 4683 pactiones
1389 4624 1412 4671 et
1418 4622 1511 4671 ceteras
1520 4623 1616 4671 mutuas
1627 4606 1784 4681 dijudicamus

178 4724 193 4759 e
209 4710 402 4771 medicamentis,
415 4710 486 4759 atium
501 4709 674 4773 cbimrgimm,
685 4709 756 4759 etiam
767 4723 783 4759 ε
794 4710 872 4768 rictu,
882 4710 953 4761 etiam
1006 4710 1112 4761 actiones
1126 4712 1150 4760 et
1162 4709 1242 4759 omnia
1260 4708 1345 4759 simitin
1356 4709 1462 4773 gerimus
1482 4728 1489 4758 ι
1509 4709 1546 4759 tex
1568 4720 1626 4758 rem
1637 4722 1685 4757 non
1696 4708 1783 4770 scripta

179 4812 193 4845 a
210 4796 373 4860 perspicientia
384 4797 539 4859 morborum,
553 4797 624 4847 aliam
636 4810 651 4844 a
665 4795 784 4846 remeiiis.
799 4798 861 4853 Quae
874 4812 888 4845 a
902 4810 953 4848 me·
1007 4811 1035 4848 ea
1047 4810 1095 4861 qrra
1110 4810 1190 4846 mores
1201 4796 1224 4846 in
1242 4796 1339 4846 civitate
1350 4796 1428 4861 rigent
1440 4798 1464 4847 et
1477 4799 1582 4846 manent.

178 4883 439 4947 dicomentis'dicitur,
459 4884 577 4935 medicata
602 4883 698 4947 potione
716 4882 829 4933 subvenit
850 4884 954 4947 morbis,
1038 4884 1102 4933 Vttt.
1119 4883 1203 4932 Oratio
1223 4884 1248 4933 in
1268 4883 1373 4947 quinque
1390 4886 1469 4947 partes
1489 4880 1611 4931 dividitur.
1634 4884 1694 4929 Esse
1718 4880 1782 4929 enirn

178 4970 312 5035 chirurgica
329 4971 432 5023 secando
450 4973 475 5023 et
495 4972 587 5023 urendo
606 4975 687 5033 sanat3
704 4984 759 5034 ome
778 4984 793 5021 a
808 4971 887 5032 rictu,
903 4974 954 5022 sota
1007 4968 1059 5030 eius
1073 4983 1149 5032 genus
1163 4970 1284 5033 quoddam
1301 4983 1349 5033 quo
1365 4971 1465 5019 utuntur
1481 4968 1506 5017 in
1526 4964 1680 5017 concionibus
1696 4964 1720 5013 bi
1741 4965 1782 5029 qui

72 5065 76 5071 ⁴
179 5057 257 5127 rictrrs
268 5057 361 5107 ratione
375 5060 400 5108 et
419 5058 504 5109 ordine
517 5060 583 5109 arcet
593 5057 761 5122 egritudines,
773 5070 851 5120 qrraea
865 5060 954 5121 perspi·
1007 5058 1173 5110 administrant
1190 5058 1377 5121 rempublicam,
1395 5058 1467 5121 idque
1486 5056 1555 5106 etrite
1574 5053 1703 5119 appetuni,
1718 5055 1781 5105 ntiud

179 5144 265 5195 dentis
277 5145 432 5210 morborum,
447 5160 477 5197 ex
489 5146 559 5229 ceteri
572 5146 716 5197 discretione
728 5144 867 5195 morborum
884 5148 954 5210 :agris
1007 5160 1056 5210 nuo
1074 5148 1181 5199 scribunt
1203 5147 1312 5198 rtretorea
1331 5147 1451 5196 crationes
1467 5156 1527 5207 quas
1547 5142 1578 5192 ad
1598 5143 1781 5196 ostentationem

179 5234 307 5296 succurrit,
318 5248 373 5299 qnae
387 5248 402 5285 a
415 5234 541 5296 remediis,
554 5238 652 5284 strenuo
663 5234 753 5284 euxitio
766 5232 889 5283 doloribus
896 5247 953 5284 con·
1008 5236 1143 5296 proterunt,
1158 5234 1217 5285 dum
1236 5234 1275 5285 ret
1289 5232 1385 5285 tendant
1399 5234 1436 5283 ret
1455 5231 1591 5294 rituperant
1614 5230 1651 5281 uei
1670 5236 1783 5284 accusant
