4017 5984
398 825 426 860 νι
942 794 1157 850 PRAEFrl'l'lO.

398 937 452 1005 dis
476 931 670 1004 Aristotelis
695 929 900 1022 fragmentis
932 929 1045 996 secuti
1072 927 1202 1012 simus,
1232 923 1389 994 breviter
1419 920 1628 1018 exponenda
1663 935 1717 990 cst
1826 954 1830 959 ·

398 1074 502 1130 ratio.

444 1187 540 1254 luter
554 1203 679 1250 omues
694 1178 754 1274 qui
773 1177 807 1244 in
827 1189 899 1244 tota
920 1174 1133 1268 antiquitate
1152 1170 1379 1241 fecunditatis
1396 1168 1501 1240 laude
1518 1168 1719 1238 floruerunt

398 1305 599 1400 scriptores,
621 1325 692 1369 non
706 1299 873 1367 ultimum
889 1311 985 1366 certe
1001 1296 1123 1366 locum
1147 1293 1286 1364 obtinet
1306 1291 1519 1363 Aristoteles.
1541 1297 1723 1361 Numerus

398 1427 577 1498 librorum
601 1447 693 1518 quos
729 1421 979 1515 conscripsisse
1013 1418 1157 1505 dicitur,
1193 1418 1288 1488 varie
1312 1416 1491 1486 indicatus
1515 1431 1579 1484 est.
1596 1419 1719 1500 Quum

398 1550 492 1621 enlm
512 1549 686 1640 Diogenes
703 1547 876 1633 LaertlttS,
897 1549 937 1630 V,
958 1544 1000 1629 34
1021 1570 1029 1612 :
1051 1545 1308 1638 (Συγγράμματα)
1334 1546 1384 1612 τὸν
1402 1543 1522 1636 ἀριθμὸν
1546 1545 1633 1634 ἐγγὺς
1650 1547 1718 1616 ἥιιει

362 1683 367 1700 “
399 1687 458 1744 τῶν
475 1673 688 1766 τετρακοσίων,
710 1669 750 1736 τὰ
775 1675 831 1736 ὅσα
852 1697 886 1762 γε
912 1671 1142 1762 ἀναμφίλεκτα·
1162 1668 1263 1736 πολλὰ
1285 1667 1341 1761 γὰρ
1366 1667 1418 1734 ιιαὶ
1448 1664 1532 1733 ἄλλα
1558 1667 1598 1741 εἰς
1630 1665 1720 1732 αὐτὸν

398 1803 575 1892 ἀναφέρεται
591 1791 908 1889 συγγράμματ’,αὐτυῢ
923 1794 974 1860 καὶ
987 1794 1221 1886 ἀποφθέγματα,
1238 1794 1369 1883 ἀγράφου
1388 1801 1486 1882 φωνῆς
1504 1792 1721 1882 εὐστοχήματα

399 1938 433 1992 ct
448 1927 578 1990 Auctor
593 1939 793 2010 anonymus
808 1920 834 1984 V
838 1916 894 1984 irae
908 1937 927 1984 a
945 1915 1107 2008 Meuagio
1119 1917 1276 2009 primum
1287 1913 1404 1999 editae,
1423 1911 1470 1999 ad
1482 1911 1616 1982 calcem
1633 1910 1721 1980 Dio-

398 2044 494 2138 genis
509 2040 650 2124 Laertii,
672 2037 871 2124 ed-tiidot,
888 2062 925 2131 p.
955 2035 1010 2122 13,
1032 2063 1049 2128 ρ
1078 2062 1085 2102 :
1110 2037 1279 2130 Συνέγραψε
1298 2034 1403 2121 biblia
1420 2040 1505 2127 ἐγγὺς
1526 2033 1566 2121 υ’,
1587 2033 1720 2104 dehac

398 2191 436 2234 re
446 2162 689 2246 consentiunt,
705 2160 807 2253 longe
820 2158 922 2228 aliter
937 2181 973 2226 se
988 2156 1134 2242 habent,
1151 2181 1231 2252 quae
1245 2157 1342 2252 apud
1356 2172 1512 2226 veterem
1526 2155 1720 2252 quemdam

398 2283 608 2382 philosophi
632 2284 862 2378 interpretem
888 2279 1070 2375 leguntur,
1094 2279 1157 2375 qui
1184 2280 1251 2349 etsi
1269 2280 1344 2376 ipse
1371 2282 1515 2350 Graecus
1533 2303 1606 2349 non
1632 2278 1717 2364 tuit,

399 2425 517 2478 tamen
533 2431 595 2476 sua
604 2405 776 2502 pleraque
788 2405 908 2500 graecis
921 2402 1209 2476 sontibusdebet.
1223 2409 1273 2474 lta
1285 2401 1513 2498 igiturDarid
1527 2405 1563 2474 in
1576 2404 1717 2474 aristot.
1764 2452 1768 2458 -

399 2539 534 2625 Categ.,
556 2557 592 2626 p.
612 2555 671 2616 22,
702 2534 741 2614 Α,
769 2553 823 2616 tt,
844 2527 1013 2600 Brundis:
1034 2533 1100 2598 Τῶν
1124 2511 1365 2622 Ᾰριστοτελιιιῶν
1385 2533 1627 2624 συγγραμμάτων
1642 2538 1721 2597 πολ·

399 2665 460 2724 λῶν
481 2659 586 2740 ὄντων,
605 2656 714 2747 χιλίων
728 2656 777 2722 τὸν
792 2655 928 2748 ἀριθμόν,
949 2658 988 2731 ὥς
1005 2680 1076 2745 φασι
1090 2655 1285 2748 Πτολεμαῖος
1298 2660 1314 2719 d
1326 2649 1536 2745 Φιλάδελφος,
1552 2640 1726 2747 ἀναγραφὴν

400 2785 497 2847 αὐτῶν
515 2781 715 2867 ποιησάμενος
730 2780 782 2845 καὶ
799 2779 851 2845 τὸν
872 2780 936 2864 βίον
953 2770 1321 2853 circummittebat
1336 2789 1371 2846 et
1385 2799 1509 2846 rursus
1525 2773 1584 2862 lb,
1601 2801 1641 2872 p.
1659 2780 1719 2862 ali,

401 2906 441 2982 Α,
462 2927 504 2999 19
522 2928 531 2970 :
546 2906 612 2970 Τῶν
628 2904 868 2996 Ἀριστοτελικῶν
883 2903 1128 2998 συγγραμμάτων
1144 2903 1255 2996 χιλίων
1271 2903 1364 2970 ὄντων
1382 2904 1435 2970 τὸν
1453 2902 1587 2994 ἀριθμόν,
1604 2909 1644 2980 ὡς
1660 2883 1721 2968 ilv-

400 3025 533 3121 δρόνυιος
560 3021 783 3120 παραδίδωσιν.
814 3025 1045 3096 Ptolemaeum
1073 3027 1137 3120 qui
1165 3025 1421 3122 Philadelphus
1447 3026 1722 3119 cognominatus

400 3162 467 3236 cst,
489 3146 535 3216 de
553 3146 656 3240 cujus
675 3148 820 3217 incauto
839 3144 969 3216 ardore
985 3171 1060 3240 quo
1077 3147 1271 3216 Aristotelis
1282 3145 1591 3241 Theophrastique
1608 3145 1724 3216 libros

400 3283 582 3339 coemerat
598 3282 685 3338 nota
700 3285 781 3337 sunt
801 3292 881 3364 qnae
906 3292 989 3338 cum
1013 3238 1111 3364 apud
1127 3269 1303 3338 Galenum
1323 3269 1359 3338 in
1390 3271 1592 3338 Commeat.
1622 3273 1652 3338 Il
1676 3269 1728 3339 de

404 3397 536 3462 Natura
551 3389 666 3474 hum,
688 3415 723 3485 p.
750 3395 827 3476 128,
852 3405 929 3460 tum
949 3391 1045 3486 apud
1072 3391 1301 3461 ammonium
1320 3395 1460 3461 Comm.
1481 3393 1517 3462 in
1538 3394 1718 3488 Categor.,

403 3541 439 3611 p.
468 3517 528 3602 28,
550 3517 589 3602 A,
608 3513 668 3599 43,
690 3512 835 3603 Brend,
852 3513 1023 3609 Davidem
1042 3512 1091 3584 ib.
1120 3520 1175 3602 id,
1191 3514 1412 3611 Simplicium
1427 3540 1464 3611 p.
1486 3542 1520 3600 2,
1539 3521 1725 3586 Enarran-

402 3653 475 3722 tur,
495 3621 540 3706 de
562 3634 758 3706 Aristotelis
775 3637 847 3704 vita
866 3649 902 3706 et
916 3637 1058 3733 scriptis
1075 3638 1354 3707 commentarios
1372 3634 1576 3731 reliquisse,
1599 3662 1724 3708 omnes

402 3761 578 3854 ignorant,
603 3758 669 3827 nisi
688 3756 788 3850 quod
809 3758 889 3828 talis
904 3757 1025 3830 libera
1042 3758 1370 3830 Dschemaluddino
1398 3758 1455 3853 (cl.
1477 3759 1660 3845 Wenrich‚
1679 3759 1724 3829 de

403 3889 589 3949 Auctorem
602 3905 792 3976 graecorum
808 3879 1034 3950 versionibus
1045 3897 1080 3948 et
1093 3882 1359 3950 continenturiia
1372 3883 1536 3973 syriacis,
1554 3883 1719 3963 arabicis,

402 4005 625 4084 armeniacis,
637 4007 863 4098 persicisque,
881 4003 1019 4099 Lipsiae,
1041 4005 1144 4089 1842,
1161 4029 1198 4100 p.
1219 4003 1300 4095 237,
1320 4019 1353 4076 et
1368 4005 1493 4093 Casiri,
1509 4005 1723 4075 Bibliotheca

402 4124 760 4220 arabico-hispanica,
778 4141 803 4196 t.
817 4131 845 4214 l,
861 4152 897 4223 p.
910 4129 995 4219 304)
1010 4142 1046 4197 et
1055 4142 1202 4197 auctore
1217 4129 1305 4196 Vitae
1315 4128 1500 4200 Marciana
1514 4127 1724 4216 Aristotelis,

403 4276 439 4348 p.
460 4251 496 4335 8,
512 4250 567 4320 ed.
586 4249 722 4337 Rohbc,
744 4251 856 4345 Lugd.
875 4257 1013 4338 Baton,
1041 4249 1143 4339 1861,
1163 4251 1352 4322 Ptolemaeo
1369 4252 1534 4339 cuidam,
1550 4251 1650 4322 nullo
1668 4267 1724 4323 ta-

406 4396 486 4442 men
505 4371 684 4468 adscripto
702 4375 929 4468 cognomine,
943 4371 1124 4443 tribuitur.
1141 4373 1368 4444 Ptolemaeum
1388 4376 1494 4470 igitur
1508 4376 1648 4472 AEgypti
1670 4400 1725 4446 re·

405 4519 482 4588 gem
494 4495 586 4566 male
599 4496 672 4566 huc
686 4495 844 4568 delatum
859 4494 1027 4568 arbitror.
1048 4498 1151 4583 Quod
1165 4523 1251 4568 vero
1264 4497 1309 4569 ad
1325 4493 1566 4568 Andronicum
1580 4500 1724 4585 attinet,

404 4619 448 4707 si,
475 4635 510 4688 ut
528 4634 631 4715 puto,
657 4622 844 4692 maximam
861 4635 1000 4717 partem
1022 4645 1107 4692 vera
1123 4635 1205 4692 sunt
1219 4647 1299 4716 quae
1314 4622 1360 4693 de
1377 4623 1459 4715 ejus.
1474 4623 1570 4692 curis
1593 4625 1630 4693 in
1648 4627 1724 4693 Ari·

404 4741 538 4810 stotelis
563 4741 734 4813 librorum
755 4743 910 4814 editione
936 4744 1074 4815 collatis
1091 4745 1188 4840 apud
1205 4744 1418 4817 Strabonem
1437 4760 1472 4815 et
1491 4745 1722 4817 Plutarchum

405 4879 611 4956 narrantur,
633 4867 721 4938 nihil
740 4891 823 4939 sane
841 4883 895 4939 est
914 4869 1014 4966 quod
1029 4869 1213 4958 miremur,
1238 4895 1435 4942 nurnerum.
1450 4869 1625 4942 librorum
1646 4871 1721 4967 phi·
