4017 5984
263 358 302 416 ii
806 359 1053 422 ARISTOTELIS
1076 358 1323 422 FRAGMENTA.

264 487 351 544 αὐτῶν
359 489 394 554 ὡς
402 489 678 567 ιἰληθῶςᾶναιρεῖσθαι,
688 487 762 556 ‘ried'
773 487 953 570 ύλλαςθρετδς
962 492 1035 550 οὐδέν
1129 490 1195 548 Haec
1214 488 1395 547 ePlutarchi
1416 490 1449 548 iu
1470 488 1628 548 Hesiodum
1645 493 1864 551 commentariis

264 573 373 635 κωλύειν
390 574 530 656 ὑπάρχειν,
546 577 568 634 εἰ
581 576 626 634 καί
642 577 678 654 μή
698 578 730 636 δι’
743 577 823 644 αύτδις
842 577 960 659 αίρετδς,
976 579 1035 638 ἀλλ’
1090 577 1177 636 ducta
1199 595 1262 635 esse
1275 589 1360 655 putat
1380 575 1620 654 wyttenbachius
1641 577 1678 636 ir.
1693 577 1731 656 X,
1749 598 1797 651 17.
1822 580 1864 639 De

265 661 362 741 ιἰγαθίις
384 667 446 740 γοῦν
469 662 512 721 καὶ
529 663 623 742 ἀρετὰς
644 664 783 742 ἐσομένας·
799 654 983 738 ricciarium
1008 667 1035 736 ἐξ
1086 663 1165 722 dicto
1190 663 1228 740 μή
1248 660 1323 742 παρὰ
1342 669 1418 722 τοῦτο
1436 662 1560 722 eandem
1584 664 1715 723 conteras
1731 665 1762 723 ia
1786 669 1864 726 notis

263 750 390 826 ὀνόματος
402 751 589 830 προσαγορεύει
591 797 649 814 .....
665 753 714 822 Τίς
734 745 777 812 σύν
792 753 883 814 τούτου
904 755 968 836 πρδς
987 753 1034 814 λα’·
1091 752 1128 810 ad
1144 753 1293 811 Plutarch.
1307 753 1351 812 De
1368 766 1443 814 sent.
1458 753 1591 830 profectu
1604 753 1637 812 in
1646 755 1766 828 virtute,
1778 766 1799 816 t.
1811 755 1863 832 Vl,

263 852 323 914 γους
340 837 499 918 ἰταμώτερος
510 837 623 916 γέγονεν,
638 837 664 906 δς
683 841 751 900 δυεῖν
768 844 821 900 τῶν
835 838 946 920 α’ρίστων
961 843 1034 920 ριλο·
1095 860 1122 912 1,
1133 860 1165 918 p.
1182 840 1251 912 607.

264 924 350 1005 τύφων
361 923 501 1001 ἐγκέκληκε
510 927 548 1006 τῷ
561 925 609 1002 μὲν
618 925 658 985 δτι
666 936 754 986 πᾶσαν
764 926 858 1007 ιίρετήν
869 932 982 1009 ἀναιρεῖ,
996 927 1034 1006 μή

265 1013 342 1088 μόνον
353 1013 382 1072 τδ
394 1013 474 1072 καλὸν
485 1015 581 1093 ἀγαθὸν
591 1015 737 1090 ἀπολιπὼν,
745 1021 783 1096 τῷ
793 1018 816 1076 δ’
828 1015 878 1094 ὅτι,
887 1021 933 1090 τῆς
941 1020 1035 1091 ἡδονῆς

265 1101 337 1168 τέλος
356 1101 444 1174 οὔσης,
462 1105 491 1162 οὗ
517 1111 608 1162 πᾶσαν
621 1105 715 1185 ἀρετήν
735 1103 796 1164 ἄνευ
808 1109 856 1178 τῆς
872 1105 1035 1177 δικαιοσύνης

265 1189 392 1260 σώζεσθαι
406 1189 519 1266 νομίζει,
528 1185 677 1268 Θαυμαστή
699 1188 749 1269 γὰρ
763 1190 903 1264 ήίξουσία,
914 1193 1035 1272 περὶτῶν

267 1280 353 1337 αὐτῶν
368 1276 530 1356 πραγμάτων
545 1276 727 1355 διαλεγόμενον
736 1277 753 1335 ἃ
762 1278 861 1351 τίθησιν
872 1279 948 1348 αὐτὸς
956 1282 1035 1360 ίγκαυ

263 1367 316 1424 λῶν
331 1364 512 1444 Ἀριστοτελει,
528 1365 600 1424 ταῦτ’
614 1365 727 1444 ἀναιρεῖν
737 1365 816 1424 πάλιν
831 1366 973 1434 Πλάτωνος
986 1390 1036 1426 κα·

264 1457 432 1534 τηγοροῦντα.
446 1452 481 1511 ln
502 1453 578 1511 libro
597 1453 735 1514 adversus
749 1455 873 1528 Stoicos,
892 1477 918 1518 c.
934 1456 985 1532 25,
1000 1456 1037 1515 de

264 1541 365 1600 eodem
386 1542 552 1621 Chrysippo
574 1544 615 1601 ita
634 1543 765 1621 loquitar
784 1544 955 1604 Plutarchus
969 1568 976 1606 :
989 1543 1038 1604 'liv

265 1627 292 1687 δί
309 1636 362 1695 τοῖς
389 1629 448 1708 περὶ
472 1631 644 1705 Δικαιοσύνης
670 1635 692 1690 εί
715 1631 763 1709 μέν
785 1656 823 1700 τις
848 1633 968 1692 ὓπύθυιτο
989 1632 1038 1703 τήν

263 1715 357 1787 ἡδονήν
379 1715 460 1790 τέλος,
475 1721 522 1777 ούκ
536 1718 616 1779 οἴεται
638 1719 767 1788 σώζεσθαι
785 1718 815 1776 τὸ
837 1720 944 1780 δίκαιον·
968 1723 990 1778 εί
1011 1719 1037 1778 δὲ

265 1800 303 1876 μή
315 1801 388 1870 τέλος
406 1804 464 1863 ἀλλ’
480 1805 569 1871 ἁπλῶς
583 1806 696 1884 ἀγαθὸν,
712 1805 803 1865 οἴεται.

305 1889 467 1952 sententias
486 1895 670 1972 impugnatas
689 1914 707 1952 a
727 1894 894 1973 Chrysippo
915 1895 951 1954 ad
974 1896 1038 1954 dia·

267 1977 365 2053 logam
390 1981 450 2058 rupi
471 1978 581 2052 Ἡδονῆς
606 1983 715 2041 ναίοιτε
734 1983 839 2041 ιιιιιΙιιῖι
865 1983 968 2055 Zeller‚
990 1988 1038 2041 die

267 2067 449 2144 Pkidrsoplrie
469 2073 520 2128 der
538 2072 690 2140 Griechen3
717 2083 738 2131 t.
768 2069 808 2141 ll,
831 2090 860 2145 a,
876 2091 905 2149 ρ.
920 2073 969 2145 73,
987 2073 1036 2130 88.

266 2153 309 2210 Cf.
321 2154 458 2228 Bernavs,
473 2157 491 2215 Ι.
506 2157 525 2218 l.
542 2179 571 2236 p.
588 2158 641 2216 152
660 2177 727 2235 seq.
748 2185 755 2196 ’

637 2311 665 2368 5.

309 2451 429 2508 Procius
449 2451 539 2510 schol.
552 2451 582 2508 in
594 2452 711 2512 Hesiod.
721 2452 797 2530 Opp.
815 2473 842 2508 ν.
854 2453 962 2529 359,p.
981 2463 1035 2530 ιρι,

265 2537 401 2596 Gaisiord
431 2537 598 2617 (Plutarchi
622 2539 699 2618 Opp.
718 2539 764 2600 ed.
793 2539 923 2612 Diibner,
950 2553 971 2598 t.
995 2540 1035 2611 V,

269 2647 299 2704 p,
325 2627 380 2701 αδ)
407 2645 415 2683 :
437 2653 449 2677 ν
465 2628 499 2686 El
520 2626 571 2703 γάρ
594 2650 638 2684 κεν
653 2627 696 2686 καὶ
712 2627 821 2708 σμικρόν
844 2654 868 2688 ν.
890 2631 968 2687 Δοκεῖ
992 2626 1040 2703 μίν

270 2717 438 2793 ἀπηρτῆσθαι
451 2719 527 2772 τοῦτο
541 2717 586 2772 τοῦ
601 2716 797 2792 προρρηθέντος·
812 2712 869 2792 ἔχει
885 2711 912 2772 δέ
924 2713 969 2773 καί
981 2737 1040 2773 συν·

271 2801 368 2879 έχειαν.
377 2800 489 2872 Ἐπειδὴ
505 2800 554 2878 γδρ
569 2791 640 2860 εἶπεν
653 2801 693 2861 ὅτι
704 2793 784 2882 κδινῇ
799 2802 908 2882 σμικρὸν
922 2802 952 2862 τὸ
962 2805 1041 2883 ἆραι-

270 2887 352 2966 ρεθὲν,
364 2895 460 2968 παχνοῖ
474 2888 518 2946 τὸν
529 2888 700 2968 ἀφαιρεθέντα
709 2889 752 2947 διδι
762 2888 809 2960 τήν
827 2888 947 2950 αἰκούσιον
962 2890 1041 2972 ιἰραί·

270 2997 356 3053 ρεσιν,
388 2973 519 3052 ἐπήγαγεν
545 2971 584 3034 ὅτι
616 2977 646 3036 τὸ
674 2977 784 3055 σμικρὸν
816 2977 1037 3058 έπεσωρευύμενον

269 3061 316 3134 μὲν
333 3061 402 3138 μέγα
415 3085 441 3120 τι
463 3063 578 3140 γίνεται,
595 3065 786 3145 ἀφαιρούμενον
801 3064 828 3123 δέ
851 3068 888 3132 εἰς
912 3067 943 3125 τδ
959 3065 1040 3144 μηδίν

270 3148 427 3226 καταλήγει·
458 3149 526 3208 ὥστε
557 3150 662 3216 εἰκότως
684 3153 762 3209 λυπεῖ
791 3152 836 3210 καί
869 3153 899 3212 τδ
931 3154 1041 3232 σμικρὸν

271 3236 468 3315 ἀφαιρούμενον.
486 3236 538 3294 Καὶ
553 3239 575 3294 εί
590 3242 666 3295 τοῦτο
681 3237 784 3310 ἀληθὲς,
798 3241 878 3317 ὀρθῶς
893 3239 1042 3318 Ἀριστο·

268 3324 368 3394 τέλης
387 3321 485 3400 ἔλεγεν,
506 3323 546 3381 ὅτι
558 3322 688 3403 χείριστον
711 3329 762 3383 τῶν
782 3329 809 3384 ἐν
830 3329 869 3406 τῷ
884 3327 933 3406 βίῳ
949 3325 979 3386 τδ
995 3325 1042 3403 μή

269 3433 291 3468 π
299 3433 336 3487 αρ
347 3409 363 3468 d
375 3413 472 3469 τοῦτο
481 3409 631 3487 λεγόμενον.
645 3413 679 3470 Εἰ
693 3411 743 3490 qap
753 3421 941 3492 καταρρονοῖτο
954 3417 989 3481 ὡς
999 3438 1044 3492 μι-

269 3497 330 3576 κρὸν
341 3495 450 3556 ἕκαστον
462 3497 506 3556 καί
518 3497 683 3576 έπελέγοιμιν
694 3499 745 3570 Μή
755 3523 775 3557 τι
783 3525 799 3559 α
808 3499 848 3582 pl
864 3507 921 3561 τοῦ
931 3525 977 3575 το,
992 3525 1043 3561 κα-

271 3589 323 3650 κῶς
343 3583 485 3662 πράξομεν.
514 3585 559 3644 Ἐν
585 3585 632 3663 μίν
656 3578 701 3646 air
720 3589 878 3666 οἰκονομίαις
893 3589 1041 3667 λιμῶξομεν

271 3677 348 3732 τοῦτο
373 3672 413 3730 ἀεὶ
442 3672 588 3755 ἐπᾴδοντες·
615 3676 642 3732 έν
662 3675 690 3734 δέ
711 3679 744 3754 τῇ
771 3675 857 3755 διαίτῃ
875 3675 1039 3753 νοσήσαμεν,

271 3760 397 3828 πολλάκις
417 3760 463 3836 μέν
478 3765 642 3842 παρορῶντες
656 3763 686 3822 τὸ
704 3763 793 3843 ὀρθὸν,
807 3765 922 3843 λέγοντες
936 3767 963 3824 δέ
978 3765 1045 3825 ταύ-

273 3873 319 3919 την
339 3847 387 3920 τήν
401 3850 528 3931 ροινήν·ή
549 3851 600 3931 rip
616 3855 675 3911 καθ’
688 3851 716 3910 ἓν
734 3851 845 3911 ἕκαστον
856 3851 972 3934 ἔλλειψις
995 3879 1042 3931 με·

271 3937 355 4015 γοίλην
369 3939 478 4018 ἀθροίζει
490 3947 545 4005 τοῖς
558 3945 693 4020 παρορῶσι
715 3941 763 4012 τήν
779 3940 889 4022 βλύὸην.

1129 1139 1238 1198 Praeter
1256 1139 1310 1198 hos
1328 1140 1421 1210 locos,
1445 1139 1482 1198 ad
1498 1140 1664 1198 Aristotelis
1684 1140 1722 1197 de
1743 1137 1865 1197 lustitia

1090 1228 1182 1286 libros
1204 1226 1331 1286 libenter
1354 1227 1505 1286 retulerim
1528 1247 1593 1304 quae
1618 1229 1695 1304 apud
1716 1227 1859 1285 loannem

1091 1315 1253 1388 Stobaeum,
1265 1316 1361 1374 tribas
1375 1316 1464 1387 locis,
1477 1314 1559 1373 nullo
1574 1313 1704 1373 iudicato
1716 1314 1809 1384 libra,
1827 1333 1865 1370 ex

1092 1402 1257 1475 Aristotele,
1266 1402 1303 1462 de
1309 1405 1383 1481 θυμῷ
1390 1402 1554 1478 disputante
1560 1401 1725 1463 laudantur.
1736 1401 1821 1470 Quod
1836 1411 1868 1457 ut

1095 1491 1197 1549 faciam
1215 1492 1363 1570 praecipae
1378 1491 1528 1549 Plutarchi
1542 1489 1673 1549 adducor
1689 1489 1802 1560 verbis,
1814 1488 1866 1566 qui

1094 1577 1238 1656 quamde
1258 1578 1389 1638 Platonis
1408 1579 1564 1648 sententia,
1585 1577 1736 1637 manifeste
1748 1596 1783 1636 ea
1803 1596 1867 1654 qaae

1094 1668 1127 1725 in
1138 1666 1226 1725 libris
1239 1667 1276 1725 de
1286 1665 1461 1746 Republica,
1476 1667 1583 1744 quibas
1597 1665 1764 1725 simillimos
1778 1666 1868 1725 faisse

1096 1754 1226 1812 diximus
1247 1755 1416 1813 Aristotelis
1436 1754 1472 1812 de
1492 1753 1626 1826 Justitia,
1650 1755 1671 1814 1.
1685 1753 1726 1838 ll,
1737 1773 1768 1832 p.
1791 1755 1868 1827 439-

1097 1849 1150 1908 tir
1167 1840 1310 1919 disputata
1320 1853 1386 1898 sunt
1419 1841 1595 1918 respiciens,
1618 1839 1812 1912 disseruisset,
1828 1841 1869 1896 ita

1096 1928 1206 2006 pergit,
1231 1927 1268 1986 de
1285 1925 1398 1986 Virtute
1412 1928 1516 1985 morali
1542 1948 1569 1987 e.
1587 1929 1603 1985 3
1622 1948 1629 1984 :
1655 1927 1772 1993 Ταύταις
1786 1927 1869 2007 ἐχρή-

1096 2038 1162 2075 σατο
1185 2017 1242 2080 ταῖς
1262 2020 1356 2096 ἀρχαῖς
1369 2016 1412 2075 ἐπί
1434 2014 1513 2074 πλέον
1533 2012 1726 2094 Ἀριστοτέλης,
1742 2017 1778 2082 ῶς
1791 2016 1867 2086 δῆλόν

1096 2104 1169 2162 ἐστιν
1192 2103 1218 2172 ἐξ
1240 2094 1276 2161 ῶν
1298 2103 1420 2182 ἔγραψεν·
1446 2101 1552 2182 ὕστερον
1573 2102 1601 2161 δί
1623 2101 1655 2161 τδ
1674 2102 1722 2179 μὲν
1736 2104 1869 2179 θυμοειδὲς

1098 2193 1136 2270 τῶ
1149 2192 1329 2270 ἐπιθυμητικῷ
1345 2190 1532 2269 προσένειμεν,
1546 2192 1582 2257 ὡς
1602 2190 1741 2264 ἐπιθυμίαν
1755 2189 1813 2249 τινδι
1825 2190 1867 2247 τὸν

1096 2275 1177 2354 θυμὸν
1200 2276 1262 2336 ὄντα
1274 2278 1320 2336 κοιλ
1334 2275 1417 2356 ὄρεξιν
1432 2275 1636 2348 ἀντιλυπήσεως.
1649 2279 1697 2356 Τῷ
1713 2275 1801 2353 μέντοι
1813 2299 1866 2334 πα·

1096 2365 1197 2443 θητικῷ
1221 2363 1266 2421 καὶ
1281 2363 1368 2442 οῖλύγῳ
1392 2362 1471 2442 μέχρι
1490 2362 1586 2429 παντὸς
1599 2367 1634 2429 ὣς
1654 2363 1802 2442 διαρέροντι
1824 2369 1869 2421 τοῦ

1095 2453 1244 2527 λογιστικοῦ
1267 2448 1402 2530 χρώμενος
1426 2449 1585 2523 διετέλεσεν,
1608 2453 1658 2529 οὐχ
1675 2448 1715 2508 δτι
1735 2449 1870 2514 παντελῶς

1097 2538 1191 2617 ἄλογόν
1214 2542 1302 2611 ἔστιν,
1324 2535 1413 2618 ὥσπερ
1426 2537 1457 2595 ri
1471 2537 1622 2610 αίσθητικδν
1645 2535 1710 2608 ήτδ
1731 2536 1867 2616 θρεπτικὸν

1097 2627 1142 2686 καί
1155 2626 1261 2706 ρυτικδν
1274 2631 1321 2698 τῆς
1336 2629 1423 2708 ψυχῆς
1439 2625 1525 2706 μέρος·
1539 2626 1608 2686 elit
1630 2629 1715 2684 ταῦτα
1734 2623 1782 2701 μέν
1802 2623 1868 2688 δλοις

1099 2714 1199 2784 ιἰνήκοα
1212 2714 1290 2792 λόγου
1304 2714 1349 2772 καὶ
1363 2712 1440 2794 aopi
1460 2715 1554 2791 τρόπον
1569 2713 1627 2773 τινδε
1638 2717 1685 2784 τῆς
1708 2711 1804 2795 σαρκὸς
1824 2714 1868 2769 ἐκ·

1099 2798 1280 2874 armemus,
1304 2801 1349 2860 καλ
1368 2800 1429 2879 περὶ
1449 2800 1479 2859 τὸ
1497 2804 1576 2879 σῶμα
1599 2801 1734 2866 παντελῶς
1754 2798 1870 2859 καταπέ-

1098 2909 1172 2967 ρυκε·
1189 2889 1222 2948 τδ
1235 2888 1262 2946 δέ
1284 2889 1429 2960 παθητικὸν
1457 2889 1551 2947 οίκείου
1578 2889 1657 2967 λόγου
1683 2887 1803 2968 στέρεται
1824 2888 1870 2945 καὶ

1097 2974 1204 3056 ἄμοιρόν
1227 2978 1312 3050 ἐστιν,
1328 2976 1413 3042 ἄλλοις
1433 2975 1477 3053 δέ,
1497 2981 1541 3035 τοῦ
1563 2974 1729 3054 λογιζομένου
1745 2976 1791 3033 καὶ
1806 2998 1869 3054 ppo·

1097 3069 1200 3132 νοῦντος
1219 3065 1379 3136 εἰσακούειν,
1400 3065 1445 3123 καί
1468 3063 1607 3142 τρέπεσθαι
1621 3063 1686 3141 πρὸς
1712 3064 1795 3120 έκεῖνο
1819 3063 1865 3119 καὶ

1098 3152 1214 3210 ύπείκειν
1235 3152 1281 3210 καί
1305 3151 1583 3230 κατασχηματίζεσθαι
1604 3149 1734 3230 πέρυκιν,
1760 3147 1805 3206 ἐὰν
1829 3148 1867 3224 μή

1096 3238 1183 3297 τέλεον
1196 3231 1214 3316 ᾖ
1228 3237 1413 3316 διεφθαρμένον
1435 3241 1477 3318 θρ·
1493 3239 1587 3309 ἡδονῆς
1600 3239 1718 3315 ἀμαθοῦς
1741 3236 1787 3296 κοιλ
1808 3240 1869 3295 rixa·

1098 3326 1194 3385 λάστου
1204 3324 1313 3396 διαίτης.
1325 3324 1359 3383 ln
1369 3346 1427 3403 qao
1441 3326 1507 3384 loco
1519 3325 1594 3383 illud
1607 3326 1754 3405 praecipae
1768 3338 1869 3383 notatu

1098 3414 1219 3490 dignum
1235 3428 1322 3492 puta,
1338 3415 1523 3473 Aristotelem
1542 3412 1660 3472 sibimet
1673 3414 1732 3493 ipsi
1744 3414 1867 3492 opponi,

1098 3503 1139 3560 ita
1152 3514 1199 3575 ut,
1214 3521 1305 3579 quam
1322 3503 1449 3580 primam
1470 3501 1598 3560 Platonis
1612 3502 1782 3561 sententiam
1799 3521 1867 3577 pru·

1097 3588 1193 3648 basset
1224 3590 1401 3668 scriptisque
1435 3590 1635 3666 expressisset,
1671 3603 1772 3668 postea
1806 3609 1867 3647 earn

1099 3678 1307 3749 immutaverit,
1322 3697 1388 3755 quae
1406 3697 1451 3737 res
1466 3691 1499 3736 at
1517 3697 1534 3736 a
1554 3677 1866 3754 maltis-significatur,

1099 3764 1136 3824 ab
1155 3763 1223 3844 ipso'
1242 3764 1399 3823 Plutarcho
1415 3765 1502 3843 paulo
1523 3778 1589 3844 post
1604 3765 1636 3823 in
1658 3765 1758 3823 eodem
1771 3763 1868 3840 libro,

1100 3873 1127 3912 c.
1143 3873 1173 3925 7,
1186 3853 1378 3931 apertissimis
1394 3847 1559 3911 declaratur
1573 3851 1672 3912 verbis
1688 3875 1695 3910 ι
1710 3852 1779 3912 Ἀλλ’
1793 3852 1868 3916 αὐτός

1099 3963 1128 3998 τι
1143 3939 1331 4019 Ἀριστοτέλης,
1357 3940 1521 4020 Δημόκριτός
1532 3963 1561 3998 τε
1575 3939 1622 3997 καί
1641 3939 1798 4019 Χρύσιππος
1813 3938 1867 3997 ἔνια

273 4121 330 4171 nillil
346 4120 476 4184 impolite,
495 4122 541 4172 etsi
553 4136 601 4173 aaa
618 4137 659 4186 per
674 4137 700 4174 se
714 4125 870 4188 expetendas,
887 4125 1045 4178 bonoetamcn
1063 4131 1070 4220 Ι
1093 4126 1247 4186 preceptum,
1257 4135 1396 4186 quanquam
1404 4123 1498 4174 videtm
1507 4122 1652 4185 disjunctam
1659 4123 1691 4172 ab
1701 4121 1864 4180 antecedente,

272 4212 298 4258 et
313 4209 424 4260 virtutes.
446 4209 536 4260 Deinde
555 4209 660 4273 singulas
672 4211 811 4262 nominatim
834 4214 967 4265 recenset...
987 4213 1047 4272 Quis
1093 4209 1251 4260 habctumea
1263 4223 1319 4260 cam
1331 4223 1361 4260 οο
1372 4223 1468 4260 aeram.
1485 4211 1628 4271 Numquam
1639 4208 1863 4268 dixissetaolatam

273 4299 354 4346 uatem
366 4309 470 4359 uuquam
483 4295 573 4358 maiore
586 4298 739 4361 protervitate
749 4299 774 4350 ia
784 4297 927 4363 disputando
939 4313 997 4350 usas
1009 4301 1048 4350 cst
1093 4297 1203 4362 quamvis
1216 4297 1349 4360 parvulam,
1358 4299 1438 4348 umen
1446 4296 1553 4347 dolorem
1559 4295 1646 4346 atlerre
1655 4297 1678 4348 ei
1693 4309 1709 4346 a
1723 4309 1772 4360 qus
1782 4296 1861 4346 auter·

275 4395 347 4443 qnam
358 4381 520 4446 chrysippus,
534 4383 574 4444 qai
593 4382 653 4434 daos
666 4385 875 4447 praestantissimos
893 4385 1048 4448 philosophos
1091 4390 1140 4448 tar,
1157 4387 1255 4449 propter
1270 4385 1452 4436 involuntariam
1466 4383 1620 4446 ablationem,
1636 4383 1757 4447 subiungit
1768 4384 1864 4434 :Etiam

275 4471 410 4532 accusarit,
424 4471 538 4532 alteram,
550 4470 614 4534 qaod
631 4485 678 4522 aaa
695 4473 772 4522 solam
786 4472 913 4524 honestam
927 4487 971 4537 pro
986 4473 1049 4523 bano
1095 4472 1220 4536 parvulam
1232 4472 1345 4521 cantiano
1356 4473 1496 4534 coagulum
1511 4470 1608 4521 uadem
1620 4483 1732 4533 magnum
1744 4469 1863 4532 quoddam

277 4570 384 4620 panms,
396 4570 492 4606 amnem
510 4557 623 4608 virtatem
634 4559 701 4609 tollat
720 4559 856 4621 ιιΙιοιοιιι,
875 4561 950 4624 qaod,
961 4561 1050 4612 virtute
1094 4557 1158 4619 tieri;
1178 4558 1330 4609 imminutam
1342 4557 1458 4608 demendo
1470 4557 1495 4606 ia
1510 4557 1611 4609 aitrilam
1622 4557 1703 4617 ιινίιε,
1720 4555 1799 4619 itaque
1816 4571 1865 4606 aaa

277 4659 321 4709 pro
332 4644 379 4695 tiae
391 4647 509 4708 reputata,
522 4647 732 4709 proterviarum
748 4647 820 4699 etiam
833 4649 938 4712 reliquas
947 4649 1050 4699 virtutes
1094 4647 1146 4695 siae
1159 4645 1250 4696 ratione
1265 4645 1337 4696 etiam
1359 4644 1485 4708 parvalum
1499 4645 1605 4694 ablatam
1617 4645 1702 4695 ailerre
1715 4644 1822 4693 dolorem
1840 4644 1863 4692 ei

277 4732 384 4784 exscindi
395 4735 484 4784 causet
498 4733 613 4784 ltirabilis
624 4735 687 4786 enim
703 4739 740 4786 est
753 4737 859 4800 licentia,
876 4735 960 4787 iisdem
972 4736 1002 4788 de
1013 4752 1050 4788 re·
1093 4746 1171 4795 aqna
1181 4732 1295 4783 aureum.
1307 4733 1386 4794 Atque
1398 4730 1480 4782 haesi
1501 4745 1586 4782 ruam
1600 4735 1651 4792 est,
1665 4731 1796 4782 ractedixit
1809 4733 1864 4780 Ari·

279 4820 325 4870 bras
336 4819 506 4883 disserentem,
520 4835 575 4884 qaoe
591 4822 658 4885 ponit
672 4822 824 4874 instatelem
838 4824 949 4888 culpans,
966 4826 1049 4876 eadem
1092 4818 1192 4871 tiolelet
1206 4819 1335 4883 mamam
1346 4831 1400 4869 este
1411 4819 1436 4868 lo
1454 4819 1504 4869 vite
1512 4819 1665 4883 sollemniis
1675 4820 1733 4870 illud
1748 4819 1839 4870 dicium
1855 4840 1861 4870 ε

279 4919 363 4958 nruas
373 4908 397 4957 in
412 4908 546 4959 amarando
560 4909 659 4960 Platane
669 4910 772 4962 abolere.
1096 4907 1234 4966 Quiritum
1246 4911 1350 4971 ρυειεα,
1363 4907 1402 4956 nil
1415 4906 1463 4957 lrac
1473 4907 1557 4963 refert
1568 4925 1575 4954 ι
1585 4909 1670 4957 namsi
1683 4907 1869 4971 unumquodque

1099 4994 1244 5057 affligamus
1258 4995 1364 5044 dicentes
1380 5013 1387 5045 r
1401 4996 1446 5045 Nil
1466 4993 1514 5045 ίεοο
1534 4995 1629 5058 refert,
1643 4995 1705 5045 mate
1719 4995 1789 5045 uobis
1804 4997 1867 5046 erit:

661 5056 685 5100 ⁵·
1069 5083 1074 5142 l
1096 5079 1122 5128 u
1134 5093 1161 5130 n
1178 5081 1286 5131 ιπιιιιπι
1299 5080 1643 5143 uminumnnunmmur,
1656 5081 1682 5130 ιι
1693 5079 1868 5144 immuto

311 5163 339 5212 st
358 5162 460 5226 quidem
473 5165 541 5213 anim
560 5175 672 5227 parvum
689 5177 775 5228 parva
797 5163 932 5216 addideris
935 5201 980 5218 .....
1001 5169 1053 5218 liae
1070 5149 1076 5213 ί
1096 5168 1281 5232 cucubiunt,
1292 5167 1705 5234 haeumperacciaeatesdietnm,
1720 5167 1869 5231 eradearqae
