4017 5984
705 809 1179 1024 'charano

786 1305 793 1317 .
863 1295 1036 1320 -00000—

333 1623 574 1693 Duodecimus
595 1623 669 1716 jam
690 1622 806 1715 agitur
826 1642 955 1708 annuS,
976 1603 1091 1714 quum
1109 1617 1165 1687 vir
1182 1616 1399 1688 clarissimus
1418 1623 1458 1688 C.
1479 1623 1603 1689 anse·

286 1747 451 1816 nrakerus
464 1747 528 1841 qui
543 1721 654 1838 hujus
673 1742 867 1814 voluminis
884 1743 1010 1838 primae
1027 1740 1122 1837 parti
1138 1739 1307 1836 praelatus
1334 1755 1400 1828 cst,
1427 1739 1605 1837 fragmen-

286 1882 406 1940 torum
433 1880 615 1963 quotquot
635 1889 657 1936 e
681 1863 877 1962 deperditis
901 1863 1098 1962 Aristotelis
1121 1863 1261 1958 scriptis
1282 1863 1431 1958 reperiri
1458 1879 1605 1960 possent

285 1989 459 2060 editorem
479 2013 554 2060 sese
568 1988 742 2086 promisit.
755 1986 957 2076 Quominus
968 2000 1091 2055 autem
1103 1985 1223 2055 statim
1235 2009 1384 2055 manum
1399 1986 1604 2058 inchoando

285 2113 387 2209 operi
405 2112 626 2200 admoveret,
650 2111 687 2182 in
712 2134 819 2181 causa
841 2109 910 2194 fuit
924 2123 1107 2178 certamen
1128 2107 1327 2178 literarium
1349 2131 1393 2177 eo
1413 2108 1491 2204 ipso
1513 2123 1605 2178 tem·

286 2258 374 2332 pore
388 2232 434 2304 ab
447 2233 577 2304 illustri
586 2231 773 2303 Academia
785 2232 1003 2303 Berolinensi
1015 2232 1230 2301 institutum.
1245 2231 1384 2301 Etenim
1399 2254 1480 2325 quae
1491 2255 1605 2326 quum

286 2357 423 2452 egregia
434 2355 629 2428 Aristotelis
638 2358 853 2452 scriptorum
868 2354 1025 2426 editione
1037 2369 1164 2450 parata
1176 2354 1312 2451 optime
1334 2351 1379 2424 de
1399 2352 1456 2454 his
1479 2352 1606 2424 studiis

286 2484 485 2570 meruisset,
506 2480 602 2551 illam
622 2505 770 2576 quoque
787 2478 930 2551 laudem
948 2477 1017 2550 sibi
1034 2479 1177 2576 praeripi
1200 2478 1331 2568 noluit,
1360 2493 1401 2549 ut
1427 2478 1606 2575 quidquid

286 2602 354 2672 sub
373 2602 581 2702 philosophi
602 2605 749 2673 nomine
775 2626 794 2672 a
824 2602 943 2697 graecis
971 2603 1174 2673 romanisve
1195 2601 1429 2697 scriptoribus
1456 2601 1606 2672 allatum

287 2742 392 2815 esset,
411 2727 446 2796 in
460 2751 574 2797 unum
588 2727 691 2822 quasi
704 2750 835 2822 corpus
842 2725 1034 2798 collectum
1046 2722 1242 2820 lucidoque
1255 2724 1381 2795 ordine
1390 2724 1604 2820 dispositum

288 2848 346 2918 edi
357 2863 510 2919 curaret.
532 2853 656 2944 Neque
673 2872 753 2944 spes
768 2872 877 2943 quam
896 2849 946 2918 ita
960 2846 1138 2917 excitabat
1154 2861 1279 2942 optato
1291 2846 1421 2916 effectu
1436 2846 1606 2918 destituta

287 2985 354 3041 est.
369 2971 435 3042 Vix
454 2950 623 3040 tamenin
640 2967 805 3066 publicos
831 2994 916 3040 usus
934 2972 1062 3040 emissa
1079 2967 1289 3038 collectione
1310 2967 1603 3039 Aristoteleorum

289 3100 583 3195 fragmentorum,
625 3096 693 3167 suh
737 3097 807 3168 hoc
846 3096 952 3169 titulo
988 3123 996 3166 :
1032 3096 1237 3166 Aristoteles
1267 3096 1607 3196 Pseudepigraplmr

287 3221 397 3292 edidit
417 3220 497 3291 Vol.
521 3226 618 3308 Rose,
638 3221 774 3319 Lipsiae,
797 3220 899 3309 1863,
920 3245 1031 3317 quam
1048 3235 1192 3291 senatus
1211 3220 1445 3291 Berolinensis
1457 3223 1606 3318 praemio

287 3345 429 3439 dignam
448 3342 684 3437 judicaverat,
703 3368 832 3440 quum,
847 3344 993 3414 ineunte
1015 3344 1135 3414 statim
1153 3367 1249 3414 anno
1271 3342 1522 3440 subsequenti,
1542 3369 1606 3415 su-

287 3483 452 3563 premum
475 3465 570 3536 diem
600 3466 704 3557 obiit,
727 3481 939 3564 praematura
965 3481 1081 3536 morte
1100 3464 1283 3564 abreptus,
1305 3468 1360 3536 vir
1383 3466 1606 3537 doctissimus

288 3589 352 3683 qui
382 3587 492 3682 hujus
520 3587 817 3658 Aristoteleorum
843 3611 996 3685 operum
1032 3586 1202 3658 editionis
1231 3585 1455 3657 absolvendae
1483 3611 1605 3658 curam

289 3723 503 3806 susceperat.
524 3713 601 3780 Hoc
618 3734 703 3781 sane
717 3708 848 3782 acerbo
868 3725 905 3781 et
927 3711 1108 3807 insperato
1127 3734 1211 3780 casu
1230 3710 1364 3780 factum
1390 3723 1458 3795 est,
1478 3724 1519 3779 ut
1535 3709 1604 3780 hu-

290 3833 514 3904 inanissimus
526 3834 749 3904 Bibliothecae
754 3859 877 3932 graecas
887 3832 1067 3925 conditor,
1077 3833 1285 3904 Ambrosius
1297 3832 1472 3902 Firminus
1481 3832 1604 3917 Didot,

287 3959 343 4027 vir
364 3979 443 4026 mea
470 3955 576 4028 laude
601 3959 786 4054 superior,
811 3983 921 4055 quem
948 3958 1097 4028 unicum
1122 3981 1317 4053 graecarum
1349 3955 1533 4027 literarum
1567 3957 1605 4028 in

287 4078 402 4152 Gallia
421 4079 668 4177 sospitatorem
681 4104 807 4152 omnes
824 4096 970 4167 norunt,
988 4080 1036 4153 ad
1054 4105 1124 4170 me,
1140 4105 1249 4178 quem
1266 4081 1303 4151 in
1315 4079 1412 4151 idem
1423 4095 1604 4152 certamen

287 4201 333 4273 de
353 4225 427 4297 quo
442 4223 550 4300 supra
564 4198 729 4290 diximus,
747 4201 963 4274 descendere
975 4225 1117 4291 ausum,
1137 4225 1211 4272 non
1222 4226 1371 4299 prorsus
1387 4202 1604 4298 imparatum

286 4324 469 4414 audiisset,
490 4323 712 4420 provinciam
728 4322 972 4396 Bussemaheri
983 4339 1101 4396 morte
1122 4323 1329 4396 derelictam
1352 4325 1533 4396 detulerit.
1554 4324 1604 4394 Ad

288 4445 545 4546 perficiendum
564 4470 650 4517 vero
669 4472 814 4540 munus,
835 4447 948 4545 quod,
970 4449 1097 4540 fateor,
1117 4475 1192 4521 non
1211 4451 1344 4521 invitus
1357 4449 1446 4520 mihi
1468 4451 1602 4548 imponi

288 4595 413 4670 passus
431 4595 524 4660 sum,
549 4569 623 4643 duo
637 4586 721 4642 sunt
734 4597 814 4668 quae
824 4571 943 4643 adhuc
952 4571 1134 4644 restabant
1148 4600 1157 4642 ε
1171 4574 1455 4668 fragmentorum
1471 4572 1603 4644 scilicet

288 4693 468 4784 collecti0,
482 4693 615 4766 deinde
631 4691 737 4766 index
752 4694 1036 4768 absolutissimus
1046 4698 1083 4766 in
1102 4697 1223 4769 omnia
1239 4695 1444 4794 philosophi
1457 4699 1599 4794 scripta.

291 4824 341 4890 lle
358 4817 429 4890 hoc
445 4819 574 4911 indice,
596 4845 679 4891 mox
698 4818 851 4913 edendo,
868 4835 909 4891 ut
927 4843 1045 4918 spero,
1066 4822 1169 4917 cujus
1185 4823 1292 4918 longe
1306 4821 1498 4894 maximam
1518 4843 1602 4916 par·

312 4945 318 4962 ¹
1427 4959 1448 5002 a
