4017 5984
202 393 268 455 πω
746 382 995 447 iuraremus
1016 385 1265 451 anicinum.

200 524 311 590 στολαῖς
330 522 473 603 προσήκει,
495 522 553 596 μετ’
574 517 729 599 εὐπρεπείας
752 518 979 596 σἰποτνπσιίμινος·
1036 520 1101 600 ejus
1122 525 1215 584 aetatis
1236 544 1295 603 qua
1316 526 1482 587 Aristotelis
1502 529 1629 602 vixerat,
1649 546 1811 591 accuratam

200 612 250 673 καὶ
271 611 332 672 sirii
355 611 410 672 ίστί
433 634 473 677 τις
495 612 546 667 τῶν
569 607 788 685 συνιγνωσμίνων
808 606 981 687 Ἀριστοτίλει
1035 608 1146 689 ιῶίεμιε
1165 613 1360 689 cognitionem
1385 614 1562 689 ostenderit,
1587 616 1628 675 ita
1643 630 1676 676 ut
1694 636 1731 676 ex
1746 619 1811 697 ejus
1917 670 1924 679 .

205 700 267 781 περὶ
281 701 325 761 τὸν
340 694 505 757 ίπιστολικὸν
518 698 675 775 χαρακτῆρα
690 694 857 776 προσόμοιος.
871 693 981 755 Ultima
1035 717 1125 777 opere
1139 701 1217 760 haud
1229 720 1339 780 pauca,
1352 703 1421 761 licet
1435 704 1535 763 multis
1547 704 1642 763 modis
1658 720 1809 785 corrupta,

202 788 283 849 baud
297 788 414 847 diversa
427 784 544 865 suntab
558 784 596 843 iis
608 804 674 861 quae
685 784 981 844 Pseudo-Demetrius
1034 786 1072 843 ad
1082 806 1133 846 eos
1145 788 1286 865 migrasse
1299 789 1468 864 rideantur,
1479 792 1531 869 qui
1545 804 1647 869 postea
1657 792 1694 859 de
1705 794 1813 853 Aristo·

201 878 294 953 §sio
317 873 407 933 habet
423 896 430 933 ι
445 870 626 953 Ἀριστοτέλης
639 876 701 951 γοῦν
715 871 743 940 ὃς
756 871 874 951 μάλιστα
894 875 980 933 ἔπιτε·
1036 873 1102 933 telis
1111 876 1171 934 vita
1184 878 1374 954 scripserunt.
1380 877 1477 946 Quare
1484 878 1813 959 simillimasputoinisse

203 962 326 1043 τινχίναι
349 964 420 1021 δοκεῖ
441 969 486 1022 τοῦ
500 958 583 1020 τιίπου
597 964 643 1019 τοῦ
657 962 836 1025 ίπιστολικοῦ.
849 960 980 1021 Similem
1036 962 1236 1043 hasEpistolas
1256 986 1321 1024 cum
1335 966 1465 1027 Platonis
1476 978 1505 1025 ct
1517 966 1811 1047 IsocratisEpistolis,

201 1054 289 1133 plane
305 1052 419 1111 laudem
436 1050 602 1110 Aristotelis
616 1048 753 1128 epistolis
771 1049 876 1110 tribuit
893 1049 983 1109 loan-

202 1161 256 1201 nes
275 1141 464 1217 Philoponus
484 1140 515 1197 in
539 1138 627 1197 Arist.
643 1137 742 1213 Categ.
765 1158 797 1217 p.
824 1142 873 1214 36,
892 1139 924 1211 B,
945 1140 981 1196 32

204 1230 310 1291 Brand.
328 1250 336 1287 t
351 1228 401 1289 Ἐν
419 1226 447 1287 di
466 1234 524 1295 ταῖς
543 1226 713 1302 Ἐπιστολαῖς
735 1226 853 1308 φαίνεται
879 1248 982 1305 κατωρ-

200 1316 296 1386 θωκὼς
308 1315 353 1376 τὸν
367 1316 565 1392 ίπιατολιμαίον
576 1318 750 1395 χαρακτῆρα,
759 1313 788 1374 ὃν
798 1313 843 1373 κοιλ
855 1314 981 1391 οιίντομον

200 1397 271 1465 ε’ίναι
286 1406 325 1465 δεῖ
338 1403 383 1463 καί
398 1408 468 1485 σαφῆ
483 1404 529 1462 καί
543 1403 747 1481 ἀπηλλαγμένον
759 1402 846 1474 πάσης
859 1424 980 1481 περισκε-

201 1496 266 1562 λοῦς
288 1490 431 1559 συνθέσεως
452 1514 481 1550 τι
506 1493 551 1549 καί
570 1488 687 1569 φράσεως
701 1491 751 1568 (r).
771 1490 844 1549 Cum
859 1490 981 1547 aliorum

199 1581 359 1661 epistolis,
386 1578 549 1638 Aristotelis
580 1596 647 1636 curn
669 1594 687 1635 a
707 1576 982 1635 Pseudo-Demetrio

204 1682 267 1729 tum
282 1688 300 1729 a
313 1667 419 1726 Photio
443 1660 668 1745 comparantur3
683 1684 808 1743 quorum
835 1664 919 1743 prior
942 1663 982 1721 ita

200 1758 329 1835 §adit
355 1752 434 1815 Ἐπεί
456 1754 483 1813 δὲ
506 1752 552 1813 καί
572 1752 665 1813 πολεσί
686 1774 749 1811 ποτε
774 1750 819 1811 καί
846 1751 982 1830 βασιλεῦσι

203 1845 358 1927 γριίρομεν,
385 1841 504 1901 ίσσωσαν
526 1846 646 1900 τοιαῦται
671 1842 699 1899 αί
722 1838 860 1899 ἐπιστολαὶ
889 1836 982 1917 μικρὸν

203 1932 345 2013 ίξηρμίναι
366 1954 430 1997 πως.
446 1928 612 2011 Σσοχαστίον
625 1926 676 2008 γὰρ
695 1926 740 1986 καί
763 1931 809 1985 τοῦ
823 1924 980 2006 προσώπου,

204 2012 392 2103 ᾧγροίρεται·
414 2018 542 2100 ἐξηρμίνη
566 2018 673 2095 μέντοι,
697 2014 743 2075 καλ
765 2018 815 2095 οὐχ
831 2012 900 2076 ὥστε
915 2013 981 2093 σύγ-

199 2131 318 2189 γραμμα
329 2098 396 2167 εἶναι
408 2108 463 2165 ἀντ’
476 2108 630 2183 ἐπιστολῆς,
643 2101 733 2185 ὥσπερ
745 2106 773 2161 αί
785 2100 983 2183 Ἀριστοτέλους

204 2196 269 2277 πρὸς
289 2196 456 2275 Ἀλέξανδρον
479 2192 611 2273 καὶπρὸς
633 2192 692 2259 τοὺς
715 2190 813 2257 Δίωνος
834 2190 943 2259 οἰκείους
964 2197 981 2263 ἡ

204 2284 362 2355 Πλάτωνος,
389 2285 462 2341 alter
493 2302 566 2342 vero
603 2281 636 2340 in
669 2280 800 2360 Epistola
834 2301 903 2353 207,
930 2282 981 2338 ubi

202 2372 381 2449 Phalaridis,
396 2371 494 2443 Bruti,
505 2368 641 2441 Libanii,
654 2368 767 2439 Basilii,
784 2365 904 2438 Isidori,
916 2384 981 2425 cunr

203 2463 331 2521 aliorum
346 2472 564 2541 comparantur,
578 2480 610 2537 p.
625 2458 682 2525 301.
695 2459 742 2516 ed.
753 2454 910 2513 Montacut.
927 2458 982 2515 :Ai

206 2548 235 2609 di
259 2548 352 2609 τοιίτου
368 2550 422 2626 (τοῦ
440 2546 582 2614 Πλάτωνος
604 2547 681 2623 scil.)
699 2544 856 2605 Ἐπιστολαί
877 2544 934 2603 ἴσον
954 2568 982 2603 τε

202 2640 253 2708 τῆς
268 2636 365 2695 ἐκείνου
385 2635 536 2715 λογιότητος
554 2634 658 2694 καὶτοῦ
678 2633 877 2711 ίπιστολιμαίου
898 2630 983 2694 τιίπου

204 2724 408 2787 ἀπολείπονται.
422 2726 458 2785 Al
479 2722 507 2783 δί
529 2727 626 2801 γετοῦ
649 2720 841 2803 Ἀριστοτέλους
862 2726 914 2781 τῶν
935 2721 982 2795 μὲν

204 2812 295 2873 σίλλων
319 2814 398 2873 αι’ντοῦ
422 2810 588 2893 γραμμάτων
609 2810 662 2869 eloi
684 2832 740 2877 πως
757 2808 982 2890 λογοειδίστεραι,

204 2900 274 2975 πλὴν
291 2900 349 2961 οὐδὲ
363 2908 421 2968 ταῖς
437 2902 622 2966 Πλατωνικαῖς
634 2898 789 2968 stretton.
804 2897 984 2974 Δημοσθένους

202 2990 232 3051 δὲ
300 2989 373 3049 otiis
389 2988 512 3067 ἀμείνους
527 2986 646 3066 εὑρήσεις
659 2992 706 3045 τοῦ
723 2987 879 3051 Πλάτωνος.

243 3080 351 3138 Mirum
380 3078 500 3136 fortasse
524 3076 676 3133 videbitur
710 3075 816 3148 alicui,
846 3074 982 3133 Photium

202 3168 293 3247 paulo
307 3166 439 3243 iniquius
449 3164 486 3221 de
495 3163 660 3220 Aristotelis
675 3160 815 3239 Epistolis
826 3161 982 3236 judicasse.

200 3253 283 3325 Quid
294 3270 381 3322 vero,
402 3251 427 3309 si
443 3268 514 3326 quas
527 3248 654 3325 respexit
668 3268 726 3306 non
744 3248 851 3305 eaedem
868 3248 984 3307 luerunt

202 3357 292 3420 atque
307 3340 367 3398 illae
385 3356 511 3416 quarum
530 3336 689 3413 saepissime
707 3336 903 3415 praestantiam
920 3336 981 3397 lau-

203 3430 296 3489 dibus
314 3426 419 3485 extulit
442 3437 543 3483 auctor
558 3422 653 3482 libelli
671 3424 708 3483 de
726 3426 915 3484 Elocutione?
936 3425 982 3484 Ab

1037 1064 1097 1109 turn
1110 1053 1294 1115 orationibus
1311 1055 1463 1114 nonnullis
1476 1055 1679 1116 Demosthenis
1693 1060 1813 1117 nomine

1037 1142 1112 1199 male
1128 1143 1291 1221 inscriptis,
1307 1163 1374 1221 quae
1387 1144 1413 1202 si
1426 1162 1551 1222 non'pro
1566 1145 1700 1220 genuinis
1711 1146 1814 1205 haberi

1036 1243 1168 1306 possunt,
1182 1243 1245 1289 arte
1257 1243 1353 1289 tamen
1367 1244 1454 1307 atque
1466 1231 1588 1307 ingenio
1598 1232 1721 1311 pollent,
1736 1255 1815 1293 sum·

1037 1336 1172 1394 mamque
1185 1317 1271 1377 iidem
1290 1318 1323 1377 in
1346 1338 1445 1377 rerum
1461 1319 1632 1381 narratione
1654 1337 1813 1383 merentur.

1036 1404 1121 1491 Quod
1132 1419 1289 1484 utrumque
1298 1426 1380 1466 secus
1394 1426 1457 1466 esse
1472 1409 1504 1466 in
1517 1409 1722 1487 superstitibus
1731 1410 1815 1490 Epis·

1037 1494 1121 1566 tolis,
1138 1496 1184 1553 vel
1201 1496 1276 1554 levis
1304 1516 1405 1555 earum
1429 1495 1574 1575 inspectio
1592 1496 1813 1559 demonstrabit.

1036 1579 1109 1640 Tam
1122 1582 1201 1641 enim
1215 1584 1297 1643 omni
1317 1603 1415 1643 rerum
1435 1596 1522 1661 atque
1539 1582 1692 1643 homiuum
1711 1588 1814 1661 cogni·

1037 1669 1118 1729 tione
1126 1670 1286 1745 destitutae,
1302 1686 1359 1731 tam
1370 1672 1463 1731 exiles
1476 1671 1677 1750 atquejejunas
1686 1672 1718 1731 in
1729 1673 1814 1733 inre·

1037 1758 1154 1817 niendis
1170 1772 1199 1817 et
1219 1759 1402 1836 exponendis
1433 1760 1605 1831 sementiis,
1626 1772 1684 1819 tarn
1708 1759 1814 1840 inepta

1036 1842 1166 1922 denique
1183 1858 1213 1904 et
1226 1847 1360 1905 ridiculae
1374 1858 1457 1917 sunt,
1471 1860 1504 1905 ut
1518 1847 1598 1906 iraus
1611 1860 1712 1926 aperta
1729 1861 1814 1926 atque

1036 1952 1119 2010 paene
1130 1934 1264 1993 confessa
1274 1935 1321 1994 sit.
1332 1934 1418 2005 Quod
1427 1935 1453 1993 si
1468 1935 1603 2012 quaedam
1616 1938 1648 1993 iu
1662 1936 1701 1995 iis
1712 1936 1815 1995 insunt

1038 2022 1186 2080 sententiae
1200 2026 1304 2082 ceteris
1317 2024 1548 2101 prestantiores,
1561 2023 1628 2083 iden
1638 2024 1696 2082 boc
1708 2024 1813 2083 iactum

1036 2127 1100 2169 esse
1126 2124 1219 2188 puto,
1246 2110 1325 2189 quod
1345 2130 1383 2169 ex
1407 2112 1473 2189 ipso
1498 2110 1657 2170 Aristotele
1681 2125 1818 2171 mutustae

1039 2209 1127 2274 atque
1141 2200 1172 2257 in
1191 2219 1276 2258 suum
1291 2219 1376 2258 usum
1393 2200 1539 2257 translatae
1550 2210 1619 2257 sunt
1633 2199 1815 2277 ascriptore.

1037 2283 1082 2344 lta
1097 2287 1176 2346 enim
1194 2307 1259 2365 quae
1275 2289 1306 2345 in
1322 2288 1424 2366 priore
1436 2285 1473 2344 ad
1492 2284 1663 2364 Philippum
1682 2286 1816 2363 Epistola

1036 2372 1173 2449 leguntur
1188 2374 1282 2434 verbs
1304 2396 1312 2432 ι
1333 2378 1380 2433 Διί
1398 2371 1450 2452 γὰρ
1471 2370 1531 2438 τοὺς
1552 2378 1610 2431 νοῦν
1632 2370 1743 2450 ἔχοντας
1761 2376 1815 2431 τῶν

1036 2462 1243 2522 δυναστευόντων
1252 2462 1289 2539 μὴ
1304 2461 1347 2520 διὰ
1359 2460 1513 2541 σίταρχος,
1526 2460 1596 2517 ἀλλὰ
1607 2457 1651 2518 διὰ
1660 2462 1712 2517 τῶν
1724 2462 1816 2539 ἀρχῶν

1038 2551 1231 2629 Θαυμάζεσθαι,
1241 2549 1285 2608 ίνα
1297 2553 1343 2619 τῆς
1353 2546 1437 2627 τύχης
1450 2544 1651 2623 μεταπεσούσης
1663 2549 1716 2605 τῶν
1727 2551 1814 2607 αὐτῶν

1038 2640 1176 2717 ἐγκωμίων
1187 2638 1326 2711 ἀξιῶνται,
1337 2656 1373 2696 ea
1383 2650 1416 2696 ut
1429 2636 1601 2695 sententiam
1610 2656 1648 2694 ex
1659 2637 1818 2699 Aristotele

1039 2740 1204 2807 excerptam
1226 2728 1352 2786 afferunt
1362 2724 1449 2787 Joan.
1467 2719 1712 2785 Stobaeus'l'loril.
1727 2722 1816 2799 XLV,

1039 2819 1074 2891 ὃς
1091 2818 1223 2896 Apostol.
1240 2815 1275 2889 ll,
1299 2836 1338 2893 9⁰
1351 2835 1385 2890 ας
1396 2816 1498 2873 Arsen.
1516 2810 1607 2885 Xlll,
1624 2813 1678 2888 593
1704 2812 1815 2885 lilllll,

1038 2903 1260 2980 αι;Χ1Χ,9η;
1282 2906 1392 2962 Anton.
1416 2900 1527 2962 hleliss.
1547 2901 1615 2973 103,
1640 2920 1670 2978 p.
1692 2909 1745 2973 ¹74
1760 2900 1815 2980 ta:

1036 2991 1121 3063 bric,
1141 2992 1199 3051 nisi
1212 2992 1289 3069 quod
1304 2987 1477 3069 probitatis
1490 2990 1593 3066 ἀρχῶν,
1605 2985 1649 3045 διὰ
1662 2986 1710 3055 τίς
1721 2986 1816 3067 ιἰριτίις

1037 3080 1177 3158 praebeut.
1187 3080 1330 3139 Similiter
1345 3078 1492 3137 fortassee
1507 3074 1710 3152 Theophrasto
1720 3076 1815 3135 iluxc-

1037 3183 1125 3242 runt,
1140 3189 1205 3247 quae
1218 3170 1250 3227 in
1262 3169 1320 3227 alia
1333 3166 1481 3245 Epistola,
1500 3166 1572 3224 satis
1589 3165 1656 3224 rudi
1670 3166 1813 3238 artificio,

1037 3259 1078 3317 ita
1101 3259 1279 3317 inducuntur
1302 3278 1310 3313 τ
1335 3254 1418 3315 Ὅθεν
1434 3256 1534 3313 ἐπαινῶ
1549 3254 1594 3315 καὶ
1623 3254 1667 3313 τὀν
1687 3254 1814 3333 ἡμέτερον

1036 3345 1167 3425 γνώριμον
1177 3343 1348 3425 θείρραστον
1359 3342 1468 3419 λέγοντα
1479 3342 1539 3399 κτλ.
1548 3342 1595 3399 Ci.
1609 3342 1695 3401 inira.
1704 3362 1735 3421 p.
1744 3343 1811 3401 330.

1075 3433 1183 3491 l‘raeter
1211 3430 1449 3491 Aristotelearum
1482 3428 1673 3507 epistolarum
1709 3448 1814 3506 genera

205 3518 251 3577 his
263 3516 340 3575 enim
352 3514 424 3591 quin
441 3514 527 3591 plane
539 3512 664 3571 diversae
678 3512 820 3572 habendae
831 3514 901 3587 sint,
917 3534 982 3591 quae
1036 3542 1101 3601 (με
1120 3522 1273 3598 hucusque
1287 3518 1525 3578 enumeravimus
1546 3518 1626 3577 aliud
1649 3531 1754 3593 restat,
1777 3521 1815 3581 de

202 3606 292 3664 etiam
308 3624 386 3661 nunc
408 3601 573 3660 Aristotelis
588 3603 705 3661 nomine
717 3615 831 3661 exstant
845 3602 981 3681 Epistolae
1036 3630 1095 3688 quo
1108 3610 1208 3689 paucis
1222 3609 1342 3685 defungi
1362 3608 1534 3688 poterimus.
1549 3607 1669 3665 lllarum
1683 3620 1728 3666 est
1745 3628 1813 3686 quae

202 3712 272 3765 sex,
300 3711 385 3750 nemo
411 3690 494 3750 iacile
527 3689 683 3751 dubitabit.
704 3689 820 3750 Etenim
846 3711 982 3769 quaeeun·
1036 3698 1197 3776 praesertim
1211 3695 1353 3755 sabulosis
1364 3696 1401 3755 de
1410 3695 1579 3754 Alexandro
1592 3694 1812 3757 narrationibus

204 3799 263 3859 que
284 3780 417 3863 priorum
441 3793 598 3858 supersunt
618 3780 794 3857 fragmenta,
811 3780 880 3839 talia
901 3793 979 3853 sunt,
1038 3786 1155 3844 insertae
1178 3797 1277 3856 erant,
1309 3802 1433 3861 quarum
1459 3783 1624 3860 exemplum
1653 3803 1718 3843 cum
1740 3783 1814 3843 Julii

203 3868 324 3948 opinor,
347 3880 379 3927 ut
394 3870 580 3946 perspicuum
594 3868 652 3941 sit,
677 3888 743 3939 eas,
760 3869 785 3926 si
809 3889 867 3926 non
891 3868 982 3948 ipsius
1037 3871 1145 3931 Valerii
1159 3872 1258 3931 versio
1272 3871 1364 3929 latina
1375 3868 1696 3930 Pseudo-Callisthenis
1709 3890 1816 3949 suppe-

152 4014 155 4019 ,
208 3954 375 4013 Aristotelis
389 3952 491 4024 inisse,
516 3968 611 4013 tamen
626 3956 703 4014 haud
724 3956 765 4014 ita
779 3956 902 4014 multum
917 3970 983 4034 post
1036 3960 1107 4019 ditat
1130 3960 1181 4034 ill,
1201 3982 1251 4036 εγ,
1276 3980 1306 4038 p.
1326 3962 1381 4035 ¹39
1406 3958 1453 4018 ed.
1480 3958 1600 4030 hliiller,
1638 3958 1675 4017 ad
1701 3960 1810 4017 calcem

203 4042 413 4121 philosophum
437 4045 612 4122 compositas
630 4064 712 4117 esse,
728 4044 838 4124 quippe
857 4063 980 4122 quarum
1036 4050 1157 4109 Arriani
1179 4050 1226 4108 ed,
1260 4048 1359 4124 nidor,
1385 4046 1422 4104 ci.
1449 4044 1570 4119 zacher,
1597 4048 1813 4105 pseudoaeam.

202 4144 317 4203 auctor,
326 4128 461 4208 quisquis
474 4131 525 4188 ille
535 4132 601 4205 luit,
617 4151 715 4191 rerum
727 4146 813 4211 atque
827 4132 981 4192 hominum
1037 4140 1159 4211 sthenes,
1182 4136 1265 4195 llalle
1292 4137 1379 4209 1867,
1394 4154 1425 4213 p.
1441 4154 1492 4211 92,
1519 4147 1580 4193 tum
1604 4156 1678 4213 quas
1700 4155 1717 4195 e
1740 4139 1812 4193 libro

234 4277 984 4335 itlcetsrostocostnqutbusepistotaxristoieitsnominintur
1036 4231 1213 4303 ‘Piswlamm
1227 4226 1384 4282 Alexam
1400 4226 1535 4279 ducem
1556 4244 1642 4298 Vm
1655 4230 1810 4281 mmm

202 4336 237 4383 ab
247 4340 297 4393 elus
306 4338 484 4393 interpretibus,
501 4350 576 4394 opere
589 4340 689 4396 pretium
698 4336 745 4385 non
761 4343 795 4386 ert
807 4341 845 4387 hic
854 4343 984 4387 exscribere
1035 4319 1185 4391 “Pfswla‘fr
1207 4310 1353 4389 excel'l'Sit
1372 4310 1441 4367 item
1465 4309 1502 4367 ad
1527 4309 1710 4370 Afi⁵t⁰t⁰¹⁰m
1726 4310 1807 4368 dm

203 4400 294 4455 quippe
305 4401 329 4443 tn
340 4400 427 4455 quinus
444 4400 502 4445 ninii
518 4402 578 4446 inest
593 4403 676 4457 preter
686 4400 773 4447 nudum
784 4403 932 4448 mentionem.
947 4404 982 4450 ct.
1037 4403 1168 4476 litteras,
1197 4419 1294 4459 rerum
1325 4398 1544 4476 polonicarum,
1567 4396 1705 4456 sublestae
1739 4398 1811 4457 satis

202 4460 982 4583 fflssffljsstgg{¹2¹5iffifbssissjfghffltffggffilgp
1038 4490 1107 4549 fiaes
1128 4490 1263 4564 scriptor,
1277 4486 1453 4545 vincennis
1465 4483 1635 4561 Kattabia,
1651 4484 1688 4542 aa
1700 4485 1810 4543 circem

206 4585 251 4629 Vix
267 4582 337 4639 dignu
354 4594 407 4639 qun
426 4590 583 4633 memorentur
601 4586 670 4633 hibet
688 4587 819 4633 scholio.
837 4588 985 4636 iniristde
1037 4577 1191 4655 Dlugossi,
1206 4579 1334 4631 Historiae
1356 4578 1493 4643 Paionia,
1511 4572 1591 4652 Lips.
1618 4592 1702 4648 τρια,
1724 4584 1747 4633 ί.
1764 4572 1810 4646 ΙΙ,

207 4646 286 4699 ⁶³¹⁰·
297 4656 322 4701 ⁹·
340 4650 389 4699 *ω’
407 4646 433 4699 ¹³¹
449 4652 457 4691 ¹
476 4648 560 4693 Bm·
572 4663 578 4693 ²
589 4650 679 4713 Titii*
690 4652 915 4714 ‘Pldil‘mfflwi
926 4670 985 4715 ΝΥ·
1037 4684 1064 4743 p.
1082 4666 1151 4732 ors.
1169 4662 1212 4722 Ci.
1232 4684 1261 4724 ν.
1277 4660 1461 4733 Gutschmid,
1487 4664 1556 4717 iiber
1574 4664 1621 4715 die
1640 4663 1813 4738 Fragmenta

206 4716 985 4855 ἔῇγίὲυίιαμᾞτέἒξὲξόηωίξέμέῗτΐγιξῑαόἔξὸὲρὲἶὶὺᾞζζᾶ
1036 4758 1086 4811 des
1100 4756 1249 4829 Pompeius
1264 4755 1381 4826 irogus,
1398 4752 1498 4807 Jahrb.
1506 4746 1564 4819 sair
1581 4750 1664 4808 cleers.
1686 4752 1810 4809 Ρίιίίοίο.

208 4859 286 4915 φίλους
306 4857 408 4922 iscipu,
427 4858 458 4909 τὰ
478 4859 650 4923 bitterensis,
663 4861 709 4909 ίίοα
719 4862 750 4911 δι’
758 4862 882 4920 ἐπιστολὰς
896 4865 984 4928 ίγραψε
1035 4850 1082 4918 5'1'0
1093 4847 1148 4899 ῙῙῙ
1161 4844 1343 4917 supplement
1357 4843 1396 4910 bo
1412 4837 1511 4915 Leiln·
1528 4834 1616 4908 ¹357»
1627 4856 1659 4915 P·
1676 4846 1733 4912 α47
1746 4860 1793 4917 iq·

208 4928 265 4991 πρός
276 4946 338 4987 τινας
349 4935 397 4981 τῶν
410 4930 443 4995 μὴ
453 4931 559 4989 curtim
569 4932 633 4993 αὐτῷ
644 4932 776 4994 ἀξιούμενος
787 4932 841 4997 παρ’
850 4933 958 4998 ἐκείνων,
969 4938 985 4987 i
1077 4928 1119 4989 De
1128 4928 1236 4987 talibus
1247 4926 1417 4988 commentis
1429 4943 1486 4981 non
1497 4922 1590 4998 magis
1604 4921 1654 4983 hic
1664 4945 1809 4998 curamus,

210 5000 249 5084 καί
264 5001 376 5063 tradalis
391 5002 565 5064 λέγεται,διίτι
585 5004 745 5065 στελλομένων
760 5002 849 5053 τούτων
865 5009 915 5061 τοῖς
927 5007 985 5070 ἐρω-
1038 5036 1124 5095 quam
1147 5016 1184 5076 de
1206 5018 1273 5077 aliis
1292 5013 1467 5095 quibusdam
1487 5011 1574 5089 quale
1594 5027 1661 5075 est:
1682 5019 1812 5092 Epistola

210 5085 310 5125 τησασιν
323 5073 398 5130 οὕτως
415 5074 617 5135 ἀναγιγνώσκοντα
627 5074 690 5123 κατὰ
702 5075 787 5124 κύκλον
798 5074 900 5124 πάντων.
918 5080 986 5125 Haud

207 5138 308 5188 teliclier
325 5142 427 5189 ldetems
441 5144 564 5201 Πολιτείας
580 5155 623 5201 pro
633 5143 784 5203 Ἐπιστολαῖς
795 5146 927 5191 nominatas
940 5154 985 5200 pn·

211 5208 276 5255 tabat
285 5210 309 5254 tn
318 5212 395 5257 serbis
407 5212 522 5272 simplicii
535 5214 565 5260 de
577 5214 663 5271 σιτίοισι
676 5216 859 5274 supradiximus
870 5222 951 5273 pets.

1040 5110 1198 5164 Aristotelis
1210 5110 1252 5163 ad
1277 5104 1472 5162 Alexandrum
1499 5103 1560 5173 M,
1582 5123 1640 5178 ριιει
1658 5108 1811 5160 universam

1038 5216 1119 5253 suam
1136 5196 1346 5271 philosophiam
1360 5202 1511 5261 retractat,
1531 5209 1618 5268 quarn
1635 5191 1772 5250 hebraice
1784 5201 1814 5249 et
