4017 5984
784 423 835 482 DE
856 420 1110 483 nimmolo.

153 580 207 639 que
218 579 271 616 sun
281 570 347 615 sunt
366 570 453 613 custus
474 568 503 613 et
523 568 636 612 varanis
640 556 711 631 fiat.
727 557 821 612 Multa
829 560 932 613 etenim

155 648 246 726 magis
270 651 393 725 graviter
406 642 473 717 fest
492 649 665 719 unusquique
685 662 737 701 sua
757 643 862 701 honore
874 650 933 719 pri·

155 750 238 806 vatus,
263 748 292 793 et
311 754 362 791 nec
382 739 409 789 si
419 734 541 789 aliorum
560 731 648 789 ualde
667 732 758 787 multu
770 732 871 806 quibus
883 733 933 787 de-

154 829 228 883 derit
244 828 368 901 propria
388 818 544 893 austerendo
564 820 683 877 libenter
693 823 836 895 suscipiet.
850 820 935 876 Nihil

155 936 223 995 ergo
235 927 277 972 est
283 915 414 990 proprius
426 928 478 965 nec
490 912 581 968 matus
592 913 677 965 uxori
685 910 728 965 ad
736 912 831 963 vtrwn
844 926 932 983 qnam

154 1010 273 1062 societas
293 998 466 1057 honorabilis
486 1009 517 1055 et
522 997 625 1072 fidelis
630 1016 643 1065 ,·
657 1007 779 1073 propter
802 1015 856 1071 que
875 1016 933 1053 non

155 1094 237 1148 decet
261 1090 402 1145 hominem
421 1102 491 1140 sarie
511 1087 612 1139 mentis
632 1094 664 1139 ut
677 1084 833 1157 ubicunque
844 1088 933 1139 conti-

155 1185 229 1257 gerit
242 1194 350 1255 panere
359 1192 454 1231 semen
462 1191 543 1227 suum
559 1173 602 1227 ad
612 1172 824 1246 qualemcunque
835 1188 932 1227 acces·

154 1273 221 1326 serit
231 1269 377 1343 proprium
389 1265 537 1337 immittere
552 1278 643 1316 semen
656 1278 669 1315 .·
683 1271 779 1320 utnon
790 1260 828 1315 de
839 1261 934 1335 illegi-

156 1362 232 1413 timis
251 1354 353 1411 vilibta
376 1364 406 1409 et
424 1354 526 1427 iniquis
546 1349 694 1426 genedbut
711 1350 819 1405 similia
840 1350 934 1404 liberis

159 1448 293 1520 legitimis
297 1442 389 1517 fiant.
398 1442 436 1496 Et
446 1441 557 1515 quidem
569 1437 757 1493 ucorhonore
774 1456 825 1493 suo
837 1440 932 1512 prive-

158 1545 210 1602 tur,
225 1532 303 1607 filiis
315 1541 410 1585 amem
429 1527 606 1605 obprobrium
626 1528 812 1602 acljungatur.
827 1527 871 1581 De
888 1526 934 1581 hu

156 1623 268 1697 quidem
275 1637 342 1695 crgo
350 1617 479 1673 omnibus
489 1616 690 1675 attendendum
701 1626 744 1669 est
753 1620 828 1672 viro.

194 1710 433 1784 Appropinquare
445 1716 538 1761 autem
552 1705 638 1759 decct
654 1709 740 1759 mort
758 1704 890 1759 ordinate
904 1714 933 1757 et

156 1797 246 1853 melta
265 1795 403 1849 modestia
414 1804 443 1847 et
460 1793 580 1867 pudore.
594 1788 691 1847 Verba
703 1796 789 1848 etiam
811 1802 841 1845 et
857 1808 934 1845 com·

155 1887 369 1940 manicationem
392 1881 559 1937 tribuentem
576 1884 607 1935 ei
620 1875 838 1954 (dundoverbc
861 1896 934 1935 oon·

1706 426 1764 487 {55

989 562 1063 611 enim
1088 556 1223 611 Horrerus
1240 561 1281 611 sic
1305 556 1347 610 ad
1365 562 1480 613 invicem
1494 560 1589 613 virum
1604 570 1632 613 et
1649 576 1764 617 uxorem

988 644 1096 703 habere
1108 656 1219 721 putans
1241 644 1339 700 ambos
1366 645 1436 697 bene
1454 644 1523 714 fieri
1543 646 1640 700 taliter
1657 664 1688 703 se
1707 646 1765 703 ha·

988 734 1093 792 bentes.
1103 734 1194 791 Nema
1213 738 1290 789 enim
1300 734 1401 808 diliget
1411 750 1533 807 unquam
1547 738 1675 809 peiorem
1690 752 1765 791 :nec

988 826 1107 878 miratur
1118 840 1169 877 nec
1187 828 1267 879 timet
1281 826 1368 877 etiam
1391 839 1455 875 cum
1472 822 1590 895 pudore.
1611 822 1671 877 Sed
1682 822 1765 881 huius

987 910 1065 965 modi
1079 914 1225 984 passiones
1233 914 1398 984 contingunt
1415 909 1589 964 adinvicem
1604 910 1765 965 melioribus

986 1009 1015 1053 et
1028 1010 1132 1053 natura
1145 998 1274 1071 benignis
1289 1016 1298 1052 .·
1315 998 1466 1053 minoribus
1485 1008 1580 1052 tamen
1596 1002 1714 1053 scientia
1726 1000 1768 1054 ad

985 1102 1018 1139 se
1028 1090 1158 1145 maiores.
1177 1086 1257 1140 Hunc
1273 1084 1401 1140 habiturn
1407 1080 1483 1155 fecit
1500 1085 1601 1141 Ulixes
1619 1085 1661 1151 od
1678 1084 1766 1141 Pena-

989 1173 1079 1247 lcpem
1097 1172 1205 1229 habens
1226 1185 1255 1229 et
1279 1178 1308 1229 in
1328 1170 1459 1228 absentia
1479 1172 1523 1227 nil
1542 1174 1668 1247 deliquit.
1686 1174 1766 1247 Aga·

988 1280 1118 1318 memnon
1132 1274 1226 1318 amem
1234 1272 1352 1339 propter
1365 1260 1546 1331 Chryseidem
1560 1262 1602 1315 ad
1614 1264 1675 1315 eius
1692 1280 1766 1317 uno-

987 1368 1046 1406 rum
1058 1355 1184 1423 peccavit
1195 1354 1224 1405 in
1244 1352 1364 1406 ecclesia
1375 1351 1492 1405 dicens:
1509 1348 1662 1404 Mulierem
1675 1354 1766 1425 capti·

985 1456 1055 1493 uam
1076 1451 1104 1494 ct
1123 1456 1180 1495 non
1201 1438 1303 1495 bonam
1324 1444 1380 1494 imo
1397 1440 1462 1493 dico
1480 1437 1630 1492 barbaram
1644 1444 1673 1491 in
1690 1438 1767 1493 nullo

990 1526 1111 1599 deficere
1134 1531 1164 1581 in
1190 1528 1342 1583 virtutibus
1361 1528 1404 1583 ad
1430 1525 1675 1597 Clytemnestram.
1700 1526 1766 1582 Non

987 1608 1057 1669 bene
1081 1615 1191 1689 quidem
1214 1619 1301 1690 igitur
1323 1616 1423 1671 liberos
1446 1612 1554 1670 habens
1579 1632 1620 1669 ec
1638 1632 1690 1684 ea,
1715 1632 1768 1668 nec

986 1702 1057 1755 iuste
1066 1703 1165 1775 puella
1178 1703 1296 1757 muliere
1309 1720 1375 1758 usus
1386 1712 1439 1763 est.
1460 1702 1593 1773 Qualiter
1604 1704 1679 1756 enim
1692 1705 1763 1757 iuste

985 1792 1034 1860 qui
1053 1800 1203 1863 antequam
1221 1793 1302 1845 sciret
1320 1792 1401 1845 illam
1415 1792 1508 1865 qualis
1521 1791 1610 1865 fieret
1624 1800 1723 1846 contra
1733 1808 1765 1845 se

985 1888 1102 1949 nuptam
1110 1896 1169 1953 per
1181 1880 1349 1933 violentiam
1362 1880 1467 1934 ducit?
1486 1879 1587 1936 Ulixes
1598 1888 1693 1932 autem
1714 1878 1766 1933 de-

155 1968 318 2031 iunotionis
331 1967 415 2042 eius)
439 1972 487 2043 qni
506 1969 576 2026 bene
593 1968 680 2025 habet
699 1986 736 2023 ac
760 1968 829 2023 liciti
842 1972 935 2041 opem's
982 1977 1147 2039 precantem
1167 1970 1258 2041 ipsum
1280 1966 1429 2023 Athlantis
1445 1968 1516 2043 filia
1540 1966 1706 2023 cohabitare
1727 1984 1768 2021 se·

156 2072 185 2116 et
199 2054 413 2115 honetis‘multa
428 2059 679 2113 maruuetndineet
691 2057 839 2132 fidelitate
852 2069 933 2111 uten-
984 2072 1047 2109 cum
1064 2068 1092 2109 et
1104 2060 1312 2130 permittentem
1334 2057 1519 2112 immortalem
1532 2052 1636 2127 facere
1658 2066 1686 2110 et
1704 2055 1769 2111 bea·

156 2162 221 2205 tem.
235 2149 339 2203 Eorum
353 2159 449 2202 autem
469 2164 524 2221 que
542 2164 599 2201 non
616 2156 719 2220 sponte
737 2156 767 2201 et
784 2160 933 2219 parvorum
986 2154 1044 2199 tum
1065 2148 1142 2198 omni
1161 2154 1291 2217 tempore,
1308 2162 1360 2200 nec
1374 2156 1406 2199 ut
1418 2144 1586 2199 immortalis
1596 2145 1685 2217 fieret
1694 2160 1766 2217 pro-

152 2247 330 2313 peccatorum
338 2236 545 2310 indulgentiam
555 2235 718 2291 tribuentem
732 2252 744 2289 .·
758 2238 785 2289 si
796 2234 868 2308 quid
876 2252 934 2290 aa·
984 2234 1053 2287 dere
1059 2236 1230 2309 presumpuit
1248 2238 1346 2289 acoris
1356 2252 1406 2288 sue
1420 2237 1576 2288 amicitiam
1588 2226 1726 2301 affectum
1740 2244 1769 2288 et

158 2339 213 2381 tem
225 2343 281 2400 per
298 2326 488 2400 ignorantiam
506 2324 658 2396 deliquerit
679 2334 835 2379 monentem
853 2340 862 2379 τ
883 2341 935 2379 nec
977 2320 1071 2393 fidem
1084 2325 1241 2375 maximam
1252 2320 1309 2376 sibi
1316 2338 1425 2396 penam
1440 2321 1584 2375 arbitrans
1587 2319 1660 2395 fieri
1671 2323 1696 2373 si
1705 2336 1768 2374 ma-

156 2420 283 2470 timorem
299 2416 479 2468 incutientem
500 2415 563 2467 sine
584 2410 756 2466 uereatndia
766 2420 796 2465 et
807 2412 932 2483 pudore,
987 2409 1030 2463 lus
1045 2414 1171 2464 existens
1183 2411 1424 2466 immortalitatem
1428 2420 1627 2485 promereatur
1639 2406 1744 2463 habere
1758 2424 1767 2465 t

159 2502 339 2558 necsolutam
351 2503 478 2557 sevitiam
490 2516 579 2574 neque
591 2496 840 2572 voluntatemlncc
846 2495 935 2555 etium
985 2514 1038 2569 nec
1059 2501 1144 2552 etiam
1155 2516 1218 2553 cum
1238 2498 1318 2555 Circe
1331 2502 1404 2553 coire
1423 2498 1559 2552 voluisset
1580 2496 1636 2549 nisi
1652 2505 1773 2569 propter

158 2588 198 2649 sit
215 2587 367 2665 negligens
387 2604 441 2645 neo
455 2582 589 2665 merus)
606 2606 616 2642 .·
637 2586 720 2642 huius
730 2587 808 2641 modi
819 2588 934 2661 quidem
985 2590 1139 2641 amicorum
1153 2588 1274 2641 solertem
1287 2591 1371 2641 immo
1384 2586 1526 2660 respondit
1539 2588 1568 2639 ei
1586 2603 1596 2638 .·
1611 2584 1688 2658 quod
1695 2582 1771 2639 nihil

158 2682 232 2743 enim
246 2680 342 2751 passio
353 2678 507 2732 meretricis
519 2676 616 2730 estad
634 2678 787 2744 amasium,
800 2693 864 2730 cum
882 2695 936 2750 pu·
986 2676 1096 2728 dulcius
1110 2680 1216 2749 patria
1226 2692 1279 2729 sua
1296 2676 1396 2729 uidere
1407 2685 1506 2749 posset
1524 2676 1649 2747 quamvis
1668 2666 1771 2747 aspera

158 2768 226 2823 dore
249 2776 342 2821 autem
359 2775 390 2820 et
413 2763 586 2819 uerecundia
608 2764 749 2837 equaliter
766 2762 886 2835 diligere
908 2776 938 2819 et
987 2767 1135 2829 existente,
1160 2774 1189 2816 et
1212 2766 1302 2817 oravit
1322 2766 1416 2833 magis
1434 2762 1581 2815 mortalem
1606 2778 1722 2814 uxorem
1742 2770 1772 2814 et

65 2872 69 2880 ·
157 2853 291 2911 similiter
304 2856 401 2908 timere
422 2851 510 2905 libere
530 2852 656 2906 mulieris
672 2851 714 2904 ad
725 2856 868 2925 propriam
888 2856 936 2907 vi·
979 2850 1080 2923 filium
1093 2850 1216 2905 videndo
1225 2854 1316 2904 mori:
1333 2854 1375 2902 sic
1380 2850 1507 2922 firmiter
1517 2852 1546 2902 in
1558 2863 1673 2901 uxorem
1676 2846 1769 2921 fidem

158 2961 220 2998 rum
233 2951 286 3001 est.
311 2939 425 3015 Duplex
445 2942 521 2994 enim
544 2942 652 2994 timoris
666 2948 710 2993 est
721 2944 826 3013 species
848 2958 859 2993 .·
874 2940 937 2995 alia
987 2956 1068 2993 suam
1078 2938 1208 2993 servabat
1222 2956 1230 2993 :
1247 2947 1368 3013 propter
1384 2936 1463 3011 qnod
1470 2952 1614 2990 econverso
1627 2952 1701 2989 uror
1717 2935 1771 2989 sibi

157 3028 270 3103 quidem
299 3044 362 3082 curn
385 3026 495 3100 pudore
522 3037 552 3081 et
577 3024 747 3081 verecundia
766 3021 856 3095 sacta
880 3046 937 3101 qua
989 3028 1121 3081 similiter
1128 3022 1270 3097 faciebat.

158 3127 272 3172 uantur
287 3116 330 3169 ad
342 3125 476 3189 pamntes
487 3114 546 3186 filii
565 3114 650 3169 sobrii
665 3124 695 3168 et
710 3116 781 3167 cives
793 3121 938 3188 compositi
1030 3112 1203 3187 Manifestus
1221 3124 1263 3168 est
1280 3118 1366 3169 etiam
1388 3124 1416 3167 et
1431 3124 1520 3187 poeta
1537 3116 1568 3165 in
1594 3112 1690 3169 Ulixis
1703 3131 1769 3167 ora·

159 3206 201 3259 ad
212 3201 347 3277 benignos
362 3213 494 3271 rectores,
511 3205 573 3258 alia
588 3220 656 3259 vero
669 3207 777 3277 species
793 3220 857 3257 cum
878 3208 937 3259 ini·
989 3208 1066 3258 tione
1087 3203 1129 3257 ad
1150 3204 1319 3267 Nausicam,
1357 3201 1495 3257 honorare
1519 3205 1648 3255 niaxime·
1667 3204 1723 3255 viri
1743 3214 1771 3257 et

159 3296 271 3347 micitia
291 3302 321 3347 et
332 3291 398 3347 odio
409 3296 480 3346 sicut
498 3292 755 3347 serviaddominas
767 3302 797 3347 et
806 3296 879 3346 cives
897 3294 941 3347 ad
990 3296 1159 3347 uxoriseum
1174 3294 1426 3347 communicatione
1444 3288 1526 3365 (cum
1545 3285 1663 3365 nupciis
1679 3286 1770 3365 pudi-

160 3392 292 3448 trrannos
309 3384 458 3436 iniuriosae
470 3392 499 3437 et
515 3384 635 3455 iniquos.
647 3381 696 3437 cx
714 3379 761 3434 his
777 3382 863 3455 igitur
872 3400 937 3437 om·
989 3397 1053 3437 cnm
1065 3376 1255 3456 societatem).
1269 3379 1444 3435 Oravitenim
1459 3378 1526 3433 deos
1533 3376 1589 3432 sibi
1597 3378 1666 3432 clare
1680 3380 1771 3433 virum

160 3468 241 3524 nibus
257 3470 369 3541 eligens
387 3470 504 3525 meliora
523 3481 553 3525 et
567 3488 683 3525 uxorem
704 3469 759 3524 sibi
774 3471 936 3526 concordem
989 3481 1019 3524 et
1032 3470 1145 3526 domum
1160 3481 1189 3525 et
1201 3468 1408 3524 humanitatem
1421 3462 1770 3545 (unanimitatemhoptm

159 3569 190 3611 et
201 3556 321 3629 fidelem
341 3569 373 3613 et
386 3562 536 3632 propriam
546 3554 653 3628 jacere
668 3558 750 3613 decet
761 3570 793 3613 ut
808 3570 938 3632 presente
990 3570 1050 3613 tam
1062 3560 1104 3613 ad
1114 3564 1206 3614 virum
1219 3570 1247 3613 et
1269 3576 1325 3614 non
1341 3574 1535 3632 quamcunque
1555 3558 1609 3611 sed
1620 3568 1767 3631 optimam.

160 3650 224 3699 viro
234 3655 264 3699 et
275 3662 333 3700 nan
349 3656 445 3701 utatur
452 3644 636 3701 nihilominus
648 3665 685 3701 ac
696 3651 722 3700 si
734 3666 850 3721 presens
862 3660 938 3703 esset
991 3646 1075 3702 Nihil
1092 3652 1168 3703 enim
1182 3645 1236 3701 hoc
1256 3652 1349 3702 vnaius
1366 3647 1466 3701 bonum
1481 3650 1573 3719 inquit
1594 3663 1655 3700 esse
1678 3644 1773 3701 inho·

161 3743 193 3787 ut
212 3732 250 3787 de
269 3733 461 3787 communibus
476 3746 555 3788 curet
571 3735 660 3800 rebus,
681 3745 711 3790 et
732 3745 764 3788 ut
782 3736 876 3789 nullus
894 3740 939 3791 ui·
992 3736 1114 3790 minibus
1135 3754 1221 3811 quam
1243 3752 1326 3809 quum
1353 3734 1503 3789 concordes
1529 3736 1559 3787 in
1580 3734 1772 3790 voluntatibus

160 3820 263 3875 deatur
271 3819 386 3874 necsibi
398 3820 498 3875 melior
508 3838 559 3875 nec
570 3822 723 3895 pudicitior
740 3840 938 3878 essenecma·
991 3835 1066 3883 sunt.
1083 3826 1191 3879 lterum
1216 3818 1382 3893 manifestus
1395 3834 1484 3896 poeta
1502 3822 1635 3894 estquod
1655 3839 1711 3877 non
1736 3824 1796 3878 de'

159 3911 342 3983 gispropriue
354 3911 419 3964 viro
436 3926 495 3965 suo.
515 3910 553 3965 Bt
563 3910 744 3965 ostendetuir
759 3909 812 3965 hec
828 3912 939 3985 quidem
992 3912 1077 3966 malis
1095 3912 1233 3986 obsequiis
1246 3915 1370 3966 ,invicem
1393 3909 1569 3964 concordiam
1594 3910 1693 3965 laudat
1698 3953 1707 3983 ,
1722 3913 1776 3966 sed

161 4002 192 4051 in
226 3999 370 4071 principio
405 3996 449 4051 ad
479 4015 624 4053 commune
655 3998 757 4054 mnam
788 4004 940 4073 respiciens
991 4019 1056 4056 eam
1073 4020 1127 4075 que
1146 4020 1208 4056 cum
1226 4001 1380 4076 prudentia
1399 4010 1427 4053 et
1451 3998 1592 4053 intellectu
1617 4003 1688 4054 iuste
1710 4017 1773 4055 con·

160 4103 273 4161 semper
283 4089 530 4159 quamvisnovitia
547 4090 587 4143 sit
600 4091 630 4141 in
651 4086 769 4156 talibus,·
790 4092 855 4143 etsi
868 4092 941 4143 inci·
992 4094 1087 4146 iuncta
1099 4102 1164 4146 est:
1181 4090 1256 4164 quod
1270 4092 1344 4144 enim
1359 4088 1428 4142 dicit
1444 4088 1639 4143 uobtntatibus
1658 4100 1688 4144 et
1709 4106 1773 4145 con·

159 4178 225 4248 piat
240 4174 314 4229 talia
325 4177 386 4249 ipse
406 4173 460 4229 sibi
480 4178 609 4230 manime
631 4174 799 4250 dominetur,
820 4181 940 4252 optimus
991 4178 1090 4235 cardia
1108 4179 1182 4233 illud
1199 4176 1352 4252 significat.
1369 4176 1406 4231 Et
1430 4180 1530 4231 iterum
1554 4176 1718 4251 dicitquod
1746 4184 1774 4233 si

161 4265 237 4317 enim
251 4266 336 4317 totius
353 4266 414 4317 uite
426 4274 519 4319 rector
531 4267 647 4319 exsistet
657 4277 687 4320 et
704 4284 820 4321 uxorem
836 4268 941 4323 talibus
992 4270 1122 4322 amicitia
1141 4267 1206 4321 talis
1212 4266 1273 4340 fiat
1289 4267 1375 4323 multe
1390 4266 1501 4341 quidem
1522 4268 1635 4321 tristicie
1650 4269 1773 4323 inimicis

163 4354 205 4406 uti
215 4350 336 4408 docebit.
360 4350 441 4407 Sicut
451 4363 480 4407 et
500 4354 638 4408 Homerus
656 4357 722 4409 ait:
738 4356 829 4410 Decet
838 4354 942 4412 habere
985 4356 1065 4428 ficunt
1080 4360 1109 4409 in
1129 4360 1191 4430 ipsa
1201 4358 1302 4410 amicis
1314 4372 1383 4411 vero
1398 4354 1507 4430 gmsdia
1521 4354 1621 4411 multu.
1640 4354 1772 4411 Maxime

162 4444 266 4500 virum.
290 4440 358 4496 Non
377 4444 452 4497 enim
476 4460 529 4497 nec
550 4444 705 4499 amicitiam
728 4462 781 4499 nec
801 4446 941 4519 pudorem
993 4453 1087 4497 antem
1108 4442 1262 4498 audiebant
1275 4460 1338 4498 eum
1357 4454 1386 4499 et
1402 4461 1475 4498 vero
1484 4443 1632 4500 dicentem.
1651 4440 1771 4500 Concor·

162 4529 238 4583 alias
249 4527 372 4606 (utque)
383 4534 512 4587 timorem
523 4549 700 4606 nequaquam
709 4536 769 4588 sine
779 4534 942 4608 pudoreho-
992 4526 1124 4587 dantibus
1143 4536 1217 4587 enim
1231 4536 1295 4587 uiro
1307 4542 1335 4587 et
1346 4550 1434 4587 uxore
1451 4534 1527 4586 circa
1540 4535 1647 4609 optima
1660 4550 1772 4588 necesse

163 4622 271 4673 noravit
281 4618 424 4687 Homerus,
437 4620 491 4674 sed
499 4619 601 4694 ubique
613 4621 735 4697 diliqere
742 4626 866 4698 precipit
877 4642 940 4678 cum
993 4632 1021 4675 et
1032 4624 1137 4676 amicos
1148 4626 1271 4695 utrisque
1284 4621 1386 4676 letari:
1406 4621 1508 4675 deinde
1514 4618 1610 4693 sortes
1620 4625 1772 4677 existentes

164 4706 343 4765 modestiaet
362 4709 481 4782 pudore.
502 4708 613 4765 limem
629 4721 723 4765 autem
744 4716 816 4766 sicut
829 4714 941 4768 Helena
992 4709 1127 4764 omnus
1140 4727 1200 4764 esse
1217 4712 1345 4779 inimicis,
1362 4713 1419 4764 stris
1431 4722 1525 4765 autem
1537 4710 1618 4766 utiles
1633 4728 1640 4763 :
1659 4708 1702 4765 his
1719 4726 1772 4763 au-

162 4798 205 4847 ait
226 4798 324 4850 timere
341 4796 485 4852 Priamum
504 4800 548 4852 sic
567 4800 663 4853 dicens
677 4816 688 4852 .·
703 4798 846 4854 Verendus
858 4810 942 4875 nique
992 4808 1050 4853 tem
1087 4799 1311 4854 discordantibus
1343 4811 1469 4873 oportere
1500 4804 1604 4855 amicos
1632 4797 1772 4853 discordes

163 4884 305 4938 timendus
325 4903 356 4939 es
384 4884 457 4940 mihi
482 4904 519 4941 ac
547 4888 680 4943 terribilis
701 4906 720 4942 o
750 4894 942 4945 amantissime
992 4904 1063 4959 esse,
1086 4888 1190 4943 deinde
1209 4900 1304 4944 autern
1320 4888 1426 4944 debiles
1443 4906 1518 4959 esse,
1539 4892 1663 4945 inanime
1677 4896 1771 4941 autem

162 4986 252 5037 sacer,
266 4972 309 5025 nil
324 4972 407 5028 aliud
421 4972 520 5031 dicens
531 4992 617 5050 qnam
640 4978 732 5051 ipsum
747 4977 861 5050 quidem
879 4998 941 5033 cum
992 4980 1094 5032 sentire
1111 4975 1192 5032 huius
1215 4978 1291 5034 modi
1310 4995 1365 5038 eos.
1388 4980 1426 5033 In
1446 4976 1491 5033 his
1513 4988 1607 5033 autem
1621 4968 1772 5045 manifeste

165 5060 304 5113 timomet
316 5060 582 5135 pudorediiigem:
601 5080 671 5119 nam
686 5065 813 5119 timidum
828 5065 941 5121 terribi-
990 5071 1113 5142 preeipit
1131 5079 1219 5143 poeta
1246 5070 1340 5141 turpia
1361 5067 1472 5141 quidem
1500 5074 1527 5119 et
1553 5060 1695 5138 impudica
1715 5060 1773 5115 dis·

165 5144 221 5199 km
243 5145 325 5205 dicit.
348 5148 387 5202 Et
405 5162 500 5205 rursus
515 5151 616 5209 Ulixes
638 5152 681 5206 ad
698 5152 854 5209 Nausicam
872 5152 944 5210 dicit
994 5156 1115 5212 suadere
1136 5157 1291 5211 adinvicem
1311 5173 1322 5209 .·
1341 5172 1378 5209 ea
1399 5165 1566 5227 auumque
1587 5153 1669 5207 iunta
1687 5166 1774 5225 posse

164 5231 217 5289 hac
232 5254 242 5289 .·
259 5236 298 5291 Te
312 5237 415 5293 mulier
426 5240 517 5295 valde
534 5244 622 5297 miror
632 5252 662 5296 et
673 5245 767 5303 timeo.
783 5242 947 5299 Arbitratur
995 5245 1146 5301 concordes
1171 5256 1237 5301 sunt
1260 5254 1288 5299 et
1308 5247 1382 5297 iusta
1409 5252 1475 5297 sunt
1500 5258 1562 5295 cum
1589 5237 1776 5296 sollicitudine
