4017 5984
189 2069 194 2078 ·
277 2032 317 2089 ita
329 2047 509 2109 prorsusque
523 2027 655 2087 inaudito
670 2029 791 2086 animali
803 2026 941 2103 lingendo
955 2027 1049 2108 (llist.

284 406 341 463 lli
827 401 1072 462 ARISTOTELIS
1093 402 1340 464 PliAGblEN'l'A.

279 532 389 610 adjecit
415 534 480 591 loco
504 551 593 612 supra
620 529 737 591 laudato
760 535 856 604 :eroe
870 531 944 607 (scil.
974 540 1055 608 qain-

279 629 414 700 quaginta
429 625 482 676 illa
499 625 643 678 uolumina
656 621 827 697 Aristotelis)
844 642 862 676 a
877 640 922 676 tue
935 623 1052 676 collecta

280 719 309 767 ia
333 724 425 765 artant
441 730 502 764 curu
527 716 561 765 iis
575 729 640 784 qnae
661 715 838 784 ignoraverat
850 729 945 784 qnoeso
965 721 995 763 at
1013 711 1052 764 le·

279 811 376 874 gentes
391 799 455 852 harei
480 800 644 870 consulant,
661 797 819 872 quominus
840 815 907 855 vera
928 793 1053 852 habean-

280 898 337 955 tur,
353 883 441 941 multa
454 897 521 942 sunt
541 903 606 962 quae
619 882 792 962 impediunt,
812 883 853 940 ita
866 895 897 940 ut
910 901 964 940 suo
983 880 1053 958 jure

280 971 454 1031 contendere
469 973 596 1050 potuerit
611 971 718 1030 Rosius
734 971 772 1040 (l.
791 971 810 1028 l.
833 991 863 1050 p.
890 990 946 1042 ριν
958 967 981 1048 l,
1004 968 1052 1027 his

279 1058 381 1117 verbis
399 1061 603 1166 praeiationem
629 1059 773 1118 contineri
799 1057 870 1117 libri
900 1056 1051 1135 cujusdam

279 1147 340 1227 περὶ
365 1149 447 1226 Ζῳων
463 1168 588 1223 agneco
603 1147 729 1224 quodam
747 1147 891 1224 scriptore
907 1165 944 1202 ex
967 1146 1050 1203 Aris·

280 1237 367 1294 totele
382 1237 523 1314 excerpti,
540 1255 626 1313 quam
643 1236 733 1311 magis
750 1247 856 1292 temere
871 1252 956 1312 quam
970 1251 1051 1304 vere,

278 1327 436 1402 ineptaque
447 1325 566 1400 insuper
583 1323 648 1380 loco
669 1323 803 1401 positam,
821 1323 950 1380 insnum
966 1339 1050 1378 usum

280 1413 473 1471 transtulisset
498 1411 623 1469 Plinius.
647 1411 689 1468 lle
715 1410 768 1468 hac
793 1431 866 1468 vero
891 1409 1052 1487 quaestione

279 1521 338 1558 non
359 1500 451 1576 magis
474 1499 522 1558 hic
543 1499 685 1557 disserere
703 1498 793 1569 lubet,
810 1517 895 1576 quam
910 1497 946 1555 de
961 1497 1052 1554 altera

1109 552 1166 608 que
1180 533 1396 592 concedendum
1411 534 1485 607 erit,
1505 553 1605 594 eorum
1620 534 1708 612 longe
1724 538 1880 596 maximam

1107 632 1218 698 partem
1228 621 1346 700 spurios
1359 633 1388 679 et
1401 621 1604 700 supposititios
1620 618 1719 695 luisse,
1734 637 1783 683 aut
1798 625 1881 685 Aris·

1108 708 1204 768 totelis
1216 729 1322 768 nomen
1330 709 1397 768 ideo
1411 722 1521 768 tantum
1535 710 1566 769 in
1579 711 1673 769 lronte
1688 712 1789 771 tulisse
1801 714 1880 790 quod

1107 798 1268 872 egenuiuis
1277 796 1447 877 philosophi
1453 799 1510 856 scri
1514 800 1572 877 ptis
1583 801 1775 859 consarcinati
1783 814 1877 860 erant.

1107 881 1202 952 Quum
1218 885 1296 943 enim
1308 884 1369 962 jam
1382 884 1413 941 in
1425 883 1621 963 'l'heophrasti
1636 888 1810 965 scriptorum
1830 906 1880 945 ca·
1910 950 1918 966 γ

1108 972 1205 1049 talogo
1229 985 1413 1031 recenseatur
1427 970 1582 1049 Ἐπιτομῶν
1605 972 1797 1053 Ἀριστοτέλους
1817 973 1879 1052 περὶ
1938 1011 1945 1026 .

1107 1057 1246 1139 leiwand
1263 1057 1323 1138 β’γ’
1338 1057 1361 1117 θ’
1384 1055 1404 1116 ι’
1420 1057 1441 1126 ς’
1461 1061 1504 1136 (p.
1536 1081 1585 1133 rr,
1606 1059 1767 1141 tUsen.),
1790 1059 1880 1120 abiis

1106 1148 1237 1224 prolecto
1252 1148 1303 1225 qui
1319 1150 1349 1204 in
1368 1147 1461 1224 priori
1477 1148 1575 1207 indice
1589 1149 1776 1207 nominantur
1792 1148 1839 1227 (p.
1853 1149 1880 1221 5,

1107 1242 1123 1301 4
1140 1233 1234 1314 ibid.)
1250 1257 1257 1292 :
1282 1234 1348 1314 Περὶ
1370 1234 1464 1315 Ζῴων,
1485 1231 1522 1309 α’,
1535 1235 1571 1314 β’,
1587 1235 1621 1315 γ’,
1635 1237 1670 1309 δ’,
1687 1236 1720 1309 t‘,
1734 1236 1764 1311 ς’,
1779 1236 1801 1304 ζ’
1820 1256 1879 1294 uon

1106 1318 1235 1396 diversi,
1256 1343 1406 1403 quumque
1421 1337 1522 1402 postea
1535 1325 1744 1402 Aristophanes
1770 1325 1880 1402 llyaan·

1107 1410 1165 1468 tius
1177 1411 1274 1469 simile
1294 1430 1368 1488 opus
1389 1411 1553 1470 condiderit
1566 1412 1621 1489 (cl.
1639 1411 1755 1483 Nauck,
1773 1420 1879 1469 Aris-io-

1103 1499 1212 1572 pdarn's
1224 1503 1356 1572 Byzantii
1371 1503 1560 1577 Fragmenta,
1576 1521 1606 1578 p.
1625 1501 1682 1567 480
1697 1519 1743 1577 sq.
1767 1513 1795 1558 et
1815 1520 1880 1577 quae

279 1675 339 1755 peji
365 1675 442 1734 libro
465 1675 501 1732 de
519 1674 702 1733 Animalibus
718 1694 755 1731 an
780 1687 809 1732 et
830 1675 894 1752 ipso
910 1674 1051 1732 Aristote-

280 1767 338 1824 lico
364 1784 452 1845 opere
475 1784 545 1823 usus
563 1764 650 1821 suerit
672 1762 798 1822 Plinius.
825 1761 955 1832 Quorum
979 1760 1050 1818 alte·

278 1873 356 1926 rum,
370 1851 501 1910 adhibito
523 1851 574 1909 illo
594 1851 703 1926 insigni
720 1869 821 1909 errore
842 1851 873 1908 in
899 1868 985 1927 quem
1005 1849 1051 1906 in·

279 1942 352 2000 cidit
364 1943 492 2020 leporem
505 1939 680 2017 adasypode
695 1939 914 2016 distinguendo,
930 1951 959 1997 et
972 1958 1051 1998 noro

1107 1673 1166 1730 sius
1189 1675 1207 1730 l.
1232 1674 1251 1734 Ι.
1274 1695 1303 1753 p.
1331 1673 1420 1752 283),
1438 1674 1522 1732 facile
1545 1675 1608 1733 lieri
1631 1676 1742 1750 potuit,
1764 1687 1797 1733 ut
1811 1677 1880 1733 talia

1110 1761 1362 1841 compendiacum
1382 1762 1476 1842 ipsius
1492 1763 1656 1822 Aristotelis
1679 1764 1765 1822 libris
1778 1783 1879 1822 nume·

1109 1865 1254 1908 rarentur.

1149 1938 1223 1996 lluic
1237 1958 1309 1996 vero
1325 1937 1425 2014 generi
1447 1938 1601 1996 manifesto
1620 1935 1803 1996 adscribendi
1813 1953 1880 1996 sum

1108 2024 1190 2098 libri,
1206 2045 1222 2083 e
1236 2025 1346 2107 quibus
1359 2026 1430 2085 solis
1445 2025 1605 2101 magmenta
1620 2025 1690 2084 satis
1709 2025 1799 2084 multa
1814 2045 1880 2084 ser-

1108 2127 1174 2171 rata
1187 2128 1265 2188 sum,
1284 2133 1359 2192 quos
1371 2113 1408 2172 ab
1421 2114 1559 2172 Historiis
1580 2114 1750 2172 animalium
1767 2114 1807 2200 ita
1817 2114 1879 2172 dis-

1109 2200 1194 2259 tinxit
1213 2201 1386 2277 Apollonius
1409 2198 1515 2260 lllirab.
1534 2221 1558 2258 c.
1575 2221 1610 2273 27
1631 2222 1638 2257 ι
1659 2200 1838 2279 Ἀριστοτεθης
1852 2204 1878 2260 ἐν

1104 2291 1157 2355 τοῖς
1183 2291 1306 2354 Ζωικοῖς·
1327 2288 1373 2346 δύο
1393 2288 1443 2368 γάρ
1470 2285 1534 2346 sliu
1550 2289 1623 2366 αὐτῷ
1645 2290 1840 2368 πραγματεῖαι,
1861 2294 1879 2360 ἡ

1105 2373 1152 2450 μὲν
1177 2374 1238 2454 περὶ
1263 2373 1362 2455 Ζῴων,
1386 2378 1403 2445 ἡ
1429 2373 1455 2433 δὲ
1481 2373 1541 2452 περὶ
1567 2376 1618 2432 τῶν
1642 2377 1763 2434 Ζωικῶν.
1786 2375 1877 2435 lidem

1107 2476 1201 2522 autem
1230 2477 1297 2522 sunt
1322 2463 1352 2522 hi
1378 2462 1448 2522 libri
1475 2477 1561 2540 atque
1588 2463 1697 2542 quibus
1719 2467 1879 2542 saepissime

1108 2571 1178 2610 usus
1192 2566 1235 2610 est
1252 2552 1420 2624 Athenaeus,
1438 2553 1490 2630 qui
1512 2564 1607 2609 tamen
1623 2553 1654 2610 in
1674 2571 1775 2611 eorum
1793 2553 1879 2612 titulo

1107 2639 1256 2698 asserendo
1269 2641 1344 2698 miro
1358 2660 1476 2717 prorsus
1493 2640 1579 2698 modo
1594 2641 1730 2699 variavit.
1747 2640 1877 2700 ltacnim

1107 2729 1198 2787 octies
1226 2728 1324 2787 laudat
1348 2729 1457 2788 librum
1486 2731 1512 2786 ἐν
1542 2731 1581 2808 τῷ
1609 2728 1670 2809 περὶ
1692 2731 1802 2790 Zoitia
1822 2730 1877 2808 [cl.

1107 2817 1271 2893 sr.11,13,
1291 2817 1879 2896 ti,16,17,19,aa,t,t),quibuslocis

1107 2906 1239 2983 quinque
1259 2919 1398 2984 praeterea
1419 2906 1545 2977 addendi
1559 2919 1626 2964 sunt
1646 2905 1696 2964 ubi
1711 2907 1878 2982 manifesto,

1107 3013 1161 3071 pro
1177 2995 1203 3051 ἐν
1218 2996 1255 3073 τῷ
1266 2995 1328 3072 περὶ
1343 2992 1434 3074 Ζῴννν,
1450 2994 1529 3071 (quod
1543 2995 1575 3052 in
1594 2993 1744 3052 codicibus
1761 2997 1877 3071 legitur,

1106 3083 1165 3162 περὶ
1182 3084 1291 3142 Ζωικῶν
1311 3083 1420 3156 corrigi
1445 3081 1530 3140 debet
1553 3082 1601 3156 (ir.
1620 3102 1666 3151 ra,
1684 3101 1731 3152 21,
1752 3085 1801 3154 23,
1825 3103 1876 3159 29,

1107 3169 1172 3244 34).
1188 3169 1284 3228 Simili
1299 3171 1386 3248 plane
1408 3170 1483 3226 vitio
1504 3169 1576 3227 alibi
1597 3170 1652 3245 (ir.
1676 3175 1730 3245 ¹9)
1753 3173 1880 3229 recurrit

1105 3257 1166 3333 περὶ
1189 3255 1272 3337 Ζῴων
1294 3256 1311 3326 ἢ
1335 3255 1451 3334 ἰχθύων,
1478 3255 1556 3332 quod
1577 3254 1693 3314 duobus
1712 3258 1779 3317 aliis
1805 3259 1879 3319 locis

1106 3344 1218 3402 collatis
1233 3345 1285 3422 (lr.
1305 3365 1339 3401 ta
1362 3357 1391 3401 et
1411 3346 1448 3402 23
1459 3344 1487 3420 l,
1504 3341 1555 3400 ubi
1579 3356 1655 3401 recte
1679 3344 1785 3420 legitur
1798 3347 1823 3404 ἐν
1839 3349 1878 3426 τῷ

276 3430 483 3508 perficiamus,
501 3429 615 3486 etiamsi
637 3441 741 3507 prater
756 3426 849 3486 libros
864 3429 900 3486 ad
915 3430 1051 3488 animalia
1108 3432 1169 3511 περὶ
1195 3435 1303 3492 Ζωικῶν
1326 3428 1344 3502 i,
1362 3431 1469 3510 ἰχθύων,
1492 3432 1695 3508 corrigendum
1715 3447 1769 3495 est.
1783 3435 1879 3503 Verba

276 3530 456 3595 spectantes,
500 3515 552 3593 qui
588 3515 665 3593 apud
698 3515 858 3590 Diogenem
902 3517 1047 3576 Laertium
1105 3521 1211 3579 deinde
1226 3519 1285 3601 περὶ
1309 3522 1419 3579 Ζωικῶν
1433 3523 1538 3578 omissa
1554 3524 1642 3578 semel
1658 3522 1714 3596 (ir.
1743 3525 1813 3599 ao),
1832 3543 1877 3582 se·

277 3607 464 3665 nominantur
491 3604 678 3681 (roa-107),
709 3616 738 3661 et
761 3623 885 3681 quorum
918 3606 1048 3664 omnium
1106 3609 1160 3666 mel
1176 3610 1293 3667 inverso
1307 3607 1411 3666 ordine
1433 3608 1530 3686 posita
1544 3622 1613 3666 suut
1631 3609 1683 3686 (fr.
1705 3613 1742 3679 46
1752 3613 1775 3688 ).
1793 3611 1879 3671 lluo-

276 3714 390 3754 summa
409 3694 514 3769 viginti
537 3713 596 3750 non
620 3690 733 3751 excedit
750 3691 916 3766 volumina,
934 3713 1050 3772 supers-
1105 3695 1160 3756 bus
1175 3717 1246 3754 iero
1270 3695 1335 3755 aliis
1350 3695 1424 3754 locis
1437 3696 1546 3772 legitur
1558 3697 1622 3755 sire
1635 3699 1663 3756 ἐν
1683 3701 1722 3779 τῷ
1735 3701 1879 3780 ἐπιγραφο-

277 3783 343 3842 tites
361 3780 623 3860 quoquolibrosin
636 3775 699 3856 ejus
715 3777 811 3844 tabula
825 3781 959 3853 omissos,
976 3802 1049 3859 quo·
1074 3803 1080 3862 γ
1105 3785 1175 3865 μένῳ
1192 3787 1287 3864 Ζωικῷ
1311 3785 1367 3861 (ir.
1390 3783 1454 3863 18),
1477 3785 1541 3843 sive
1564 3785 1591 3843 ir
1615 3788 1653 3863 τῷ
1674 3786 1875 3868 ἐπιγραφομένῳ

277 3887 402 3946 rumque
418 3868 498 3926 nulla
512 3859 621 3926 nientio
642 3867 719 3946 apud
745 3868 917 3946 scriptorem
937 3869 1050 3930 Galeno
1074 3871 1080 3898 ²
1105 3874 1201 3954 Ζωικῷ
1224 3872 1241 3943 ἢ
1265 3873 1326 3954 περὶ
1342 3871 1450 3952 ἰχθύων.
1467 3870 1585 3947 Factum
1605 3887 1648 3930 est
1665 3874 1790 3951 deinde,
1814 3877 1878 3934 sire

277 3957 472 4034 antiquiorem
482 3957 620 4028 occurrit,
630 3955 665 4014 de
673 3955 843 4015 animalium
852 3957 964 4016 scilicet
977 3959 1049 4016 Par·
1105 3961 1199 4038 ipsius
1224 3961 1374 4036 Athenaei,
1398 3962 1463 4019 sire
1477 3959 1670 4019 librariorum
1686 3962 1876 4037 negligentia,

276 4045 372 4119 tibus,
387 4041 592 4115 Generatione,
612 4043 704 4116 llotu,
721 4043 859 4120 lngressu
882 4047 1048 4106 incensum
1104 4063 1137 4108 ut
1163 4050 1319 4127 aliquoties
1346 4047 1421 4106 liber
1445 4045 1507 4126 περὶ
1526 4046 1633 4127 Μορίων
1651 4047 1722 4106 laiso
1740 4067 1795 4124 pro
1817 4050 1878 4127 περὶ

276 4131 472 4190 adhibeamus.
492 4131 687 4208 hleraeigitur
710 4131 814 4192 fabulae
837 4146 905 4192 sunt
925 4153 988 4210 quae
1012 4134 1050 4193 de
1106 4141 1216 4199 Ζωικῶν
1252 4138 1453 4196 nominaretur
1480 4135 1534 4215 (ir.
1564 4156 1618 4207 27,
1650 4137 1704 4213 38,
1734 4137 1785 4206 43,
1809 4137 1875 4217 44].

276 4223 331 4279 ista
343 4219 485 4278 librorum
498 4219 683 4280 multitudine
693 4219 730 4278 ab
738 4221 802 4299 ipso
811 4222 965 4282 Aristotele
973 4243 1046 4282 con·
1103 4228 1194 4298 Quem
1209 4227 1300 4299 enim,
1313 4225 1412 4285 nescio
1424 4224 1529 4301 quade
1541 4242 1638 4294 causa,
1650 4221 1710 4301 aspi
1725 4220 1808 4302 Ζιξνων
1818 4226 1874 4284 Μο-

276 4309 449 4388 scriptorum
464 4308 630 4380 traduntur,
639 4327 692 4366 nec
707 4311 798 4369 multo
806 4311 902 4388 pluris
915 4311 1048 4370 iacienda
1105 4314 1167 4394 ρίων
1190 4313 1326 4376 inscribit
1341 4313 1470 4385 librum,
1488 4313 1565 4371 hunc
1579 4310 1617 4369 ab
1638 4329 1673 4368 eo
1688 4311 1739 4387 qui
1759 4311 1878 4388 quintus

275 4416 361 4474 quam
390 4417 454 4474 quae
476 4417 512 4454 ex
538 4396 639 4455 eodem
667 4397 794 4476 satisque
822 4397 941 4457 turbido
969 4400 1049 4459 lonte
1104 4404 1135 4461 in
1158 4403 1297 4483 ilistoriis
1327 4401 1497 4460 animalium
1527 4410 1698 4459 numeratur
1724 4398 1875 4460 diversum

276 4487 395 4545 lluxisse
406 4487 554 4558 ridentur,
563 4486 599 4544 de
610 4485 742 4565 pecuniis
750 4505 822 4563 quas
838 4486 1001 4547 Alexander
1014 4490 1047 4547 in
1103 4490 1163 4550 riou
1197 4491 1305 4564 luisse,
1333 4488 1462 4548 sexcenti
1486 4487 1642 4547 ostendunt
1668 4485 1742 4557 loci,
1774 4488 1874 4548 eodem

277 4573 443 4633 Aristotelis
449 4594 531 4633 usum
541 4575 729 4650 irrogaverat,
737 4573 773 4632 de
779 4573 986 4634 venationibus
996 4595 1049 4654 per
1103 4579 1188 4656 plane
1201 4578 1300 4652 modo,
1314 4597 1373 4656 quo
1387 4595 1472 4654 quem
1485 4574 1608 4653 περὶτῶν
1624 4574 1706 4653 Ζῴων
1718 4573 1806 4635 Ἠθῶν
1823 4598 1877 4636 νο-

276 4675 367 4721 totum
383 4662 529 4721 Orientem
549 4663 690 4722 institutis
704 4674 733 4719 et
751 4683 815 4741 quae
836 4676 904 4721 sunt
917 4662 1051 4741 hujusce·
1103 4686 1169 4724 care
1189 4667 1263 4724 solet
1283 4663 1372 4740 (Vll,
1398 4665 1463 4732 282,
1493 4663 1535 4735 C3
1554 4664 1629 4736 307,
1657 4662 1715 4742 C),
1746 4664 1875 4742 ejusdem

279 4750 358 4808 modi
378 4753 572 4811 narrationes.
1104 4755 1202 4833 operis
1219 4774 1329 4813 nonum
1351 4763 1559 4831 repraesentat,
1586 4771 1677 4829 quum
1699 4765 1800 4811 contra
1825 4755 1876 4831 qui

317 4837 355 4896 Ut
379 4851 474 4898 tamen
503 4852 532 4898 et
556 4838 613 4898 hoc
642 4837 783 4915 Antigoni
812 4852 841 4898 et
866 4839 975 4912 Plinii,
1003 4841 1048 4899 rel
1103 4841 1192 4900 hodie
1217 4861 1313 4900 nonus
1333 4837 1477 4910 babetur,
1503 4851 1623 4898 octavus
1653 4838 1792 4898 Athenaeo
1816 4853 1877 4898 erat

277 4945 379 4986 eorum
390 4947 464 5006 quos
478 4927 568 4986 secuti
579 4941 656 5001 sunt,
666 4929 832 4986 auctoritati
844 4929 1050 5002 concedamus,
1104 4929 1209 5010 (Cani.
1236 4931 1341 5008 Deipu.
1364 4925 1423 5001 lx,
1453 4929 1529 5001 387,
1554 4931 1576 4985 Β
1606 4950 1613 4985 :
1644 4926 1825 5004 Ἀριστοτιθης
1850 4929 1876 4986 ἐν

278 5034 380 5074 revera
401 5015 548 5074 exstitisse
574 5015 733 5094 aliquando
748 5017 779 5074 in
802 5014 925 5094 quadam
945 5015 1050 5077 biblio·
1103 5017 1181 5096 ὀγδόῃ
1197 5012 1279 5098 Ζῲων
1297 5016 1414 5095 ἱστορίας
1428 5043 1468 5067 =
1482 5016 1559 5076 llist.
1573 5017 1663 5074 anim.
1676 5013 1735 5088 lx,
1752 5024 1806 5092 49,
1825 5017 1875 5092 5).

276 5102 373 5174 theca,
395 5114 467 5180 quot
485 5103 530 5162 illi
546 5103 676 5162 indicant
691 5103 856 5162 Aristotelis
868 5104 988 5163 nomine
1000 5106 1050 5164 in·
1105 5104 1178 5163 lnde
1193 5104 1277 5163 facile
1291 5104 1472 5183 perspicitur
1495 5099 1604 5184 duplex
1618 5103 1801 5163 statuendum
1816 5122 1878 5162 essa

277 5193 332 5250 scri
336 5205 402 5268 ptos
415 5191 452 5249 de
466 5189 652 5250 Animalibus
663 5189 768 5266 libros,
779 5191 874 5250 statim
890 5189 963 5250 illud
976 5212 1048 5269 quo·
1107 5212 1199 5270 genus
1212 5192 1386 5251 libramime
1406 5213 1466 5270 quo
1491 5193 1581 5251 ducta
1601 5205 1669 5271 sunt
1693 5191 1793 5250 omnia
1803 5211 1867 5266 qua

277 2133 336 2180 nat.
352 2117 388 2187 X,
407 2120 457 2190 63,
474 2117 511 2174 83
527 2139 535 2188 ;
554 2114 605 2186 lll,
626 2118 675 2192 39,
697 2114 767 2194 94),
783 2116 981 2174 demonstrare
1001 2136 1049 2192 ag·

277 2225 392 2280 gressus
417 2217 460 2263 est
481 2207 513 2261 A.
540 2224 569 2262 ν.
586 2202 781 2274 Gutschmid,
799 2206 867 2260 iiber
892 2207 938 2258 tlte
962 2205 1052 2278 Frag-

279 2307 370 2350 menta
395 2295 444 2348 des
472 2295 622 2365 Porrrpejas
651 2293 766 2366 irogus,
791 2289 925 2367 leipzig,
959 2289 1049 2364 1857,

277 2401 305 2458 p.
333 2381 384 2446 ι84
409 2397 475 2454 sqq.
498 2375 768 2453 Quomodocunque
782 2396 853 2434 rero
872 2378 926 2436 ista
946 2395 977 2436 se
1004 2399 1051 2438 res

279 2467 376 2538 habet,
392 2468 461 2524 satis
482 2463 659 2522 confidenter
674 2464 820 2522 affirmare
834 2464 926 2523 audeo
946 2480 1051 2544 praeter

279 2553 444 2613 Aristotelis
466 2552 560 2610 libros
574 2551 610 2609 de
625 2551 809 2611 Animalibus
832 2553 883 2630 qui
911 2567 939 2610 et
961 2555 1051 2613 hodie

278 2642 447 2721 superstites
468 2653 545 2710 sunt,
560 2639 672 2698 nullum
688 2639 774 2717 plane
792 2639 881 2698 alium
901 2639 999 2699 Plinio
1013 2643 1050 2701 ad

278 2751 380 2790 ritanus
409 2730 506 2788 luisse.
536 2727 594 2786 Nec
622 2727 714 2786 multo
747 2728 832 2787 aliter
858 2728 1049 2805 judicandum

277 2821 334 2878 erit
355 2817 493 2896 inspectis
507 2816 649 2892 Antigoni
663 2817 821 2895 excerptis3
844 2817 954 2894 quippe
978 2838 1051 2894 quo·

276 2927 340 2966 rum
363 2909 420 2966 tria
446 2904 645 2964 tantummodo
669 2918 737 2964 suut
759 2905 949 2984 edeperditis
964 2905 1050 2965 libris

277 2997 384 3074 petita,
405 3012 495 3070 quum
519 3006 620 3052 contra
645 3007 759 3052 centum
775 3005 804 3050 et
823 2994 879 3051 tria
898 2995 1050 3053 manifesto

277 3097 391 3142 nostros
411 3081 503 3141 libros
526 3093 743 3158 repraesentant,
762 3100 885 3157 quorum
911 3094 939 3138 et
963 3082 1051 3140 ordi-

277 3188 342 3226 nem
359 3167 561 3244 quadantenus
580 3179 695 3226 secutus
716 3178 761 3224 est
779 3181 943 3244 excerptor.
966 3169 1050 3239 Quod

276 3275 347 3313 vero
367 3255 402 3312 ad
424 3273 576 3312 numerum
599 3254 701 3311 attinet
718 3272 803 3330 quem
827 3256 875 3312 isti
891 3270 1009 3328 norunt,
1028 3257 1052 3313 L

277 3345 321 3402 vel
336 3343 423 3400 etiam
438 3339 513 3400 Lxx
527 3341 724 3412 voluminum,
746 3341 830 3418 longe
845 3340 926 3400 abest
939 3357 970 3401 ut
981 3365 1048 3402 eum

279 1587 356 1646 haud
372 1591 469 1647 minus
488 1585 596 1658 dubia,
619 1599 715 1644 utrum
738 1586 829 1644 solius
850 1583 942 1662 'l'rogi
965 1585 1051 1642 Pom·
1107 1585 1203 1646 ecod.
1220 1585 1294 1646 bibl.
1318 1586 1413 1645 Paris.
1440 1607 1486 1662 gr.
1510 1587 1608 1666 suppl.
1628 1588 1685 1662 495
1706 1587 1802 1646 attulit
1824 1587 1879 1645 tto-
