4017 5984
816 507 1088 575 tuosissimus.
1698 515 1757 574 sot

154 644 203 717 τὴν
218 643 265 723 μέν
287 642 401 726 ἡσυχίαν
415 642 513 705 οἴονται
525 643 572 711 τὰς
586 645 677 726 πέψεις
693 643 825 724 βελτίονας
839 653 933 719 ποιεῖν,
988 645 1026 704 de
1040 643 1146 704 Gener.
1160 644 1218 704 An.
1240 642 1278 720 V,
1296 644 1328 717 5,
1347 663 1377 722 p.
1395 651 1464 716 dal„
1481 644 1531 702 3⁵.
1546 642 1679 704 Ceterum
1698 665 1760 704 retu

156 733 204 805 τὴν
228 730 256 792 tl
277 731 380 806 κίνησιν
394 732 532 832 regimus
556 732 603 799 τὰς
622 732 763 800 ἀναδόσεις·
790 732 836 792 καὶ
858 737 934 792 τῶτο
984 731 1047 810 jam
1062 731 1099 792 de
1114 730 1257 808 AEgyptiis
1270 743 1438 790 narraverat
1451 730 1625 805 Herodotus,
1640 731 1696 807 ΙΙΙ,
1713 756 1759 793 ιο.

154 811 213 880 τοὺς
224 809 272 891 μέν
282 834 436 891 περιπατειν
447 811 520 877 εὐθὺς
528 810 581 870 ἀπὸ
587 811 701 884 δείπνου,
710 811 768 879 τοδς
776 811 804 872 δέ
810 813 933 891 ἀτρεμεῖν

153 899 287 960 πέπεικεν.

465 1050 500 1103 ορ
525 1033 612 1108 (340).

194 1173 330 1253 ΑροΙΙοιι.
353 1171 457 1232 Mirab.
477 1193 503 1233 c.
522 1192 541 1248 9
566 1195 572 1229 :
597 1169 842 1249 Ἀριστοτέλης
863 1170 891 1229 il
905 1174 931 1232 έν

155 1260 208 1328 τοῖς
233 1259 350 1339 φυσικοῖς
376 1256 558 1338 Προὸλήμασί
576 1281 665 1338 φησιν·
690 1259 714 1316 οἱ
740 1263 933 1333 μονοσιτοῦντις
1004 1301 1021 1316 ..

153 1348 296 1460 rmpdrspe
319 1344 352 1405 τδι
375 1345 426 1418 ἤθη
453 1345 544 1425 έχουσι
568 1346 667 1422 μᾶλλον
684 1339 702 1416 ἢ
721 1348 745 1404 οἱ
763 1344 801 1414 δίς
825 1355 932 1428 τροφαῖς

153 1458 294 1516 χρώμενοι.

460 1577 510 1653 ,ιι
533 1577 624 1653 (ιιι).

194 1708 300 1768 Athen.
317 1703 376 1782 llv,
397 1727 426 1786 p.
449 1727 518 1786 αρτ,
541 1705 587 1764 B:
608 1705 689 1776 Ζητεῖ
704 1705 726 1764 δ’
747 1707 761 1762 ὁ
784 1706 931 1783 πσλυμσθὲ·

154 1793 312 1874 στατοςἈρ
323 1815 416 1853 ιστοτ
424 1791 506 1863 ἔλης
518 1795 544 1850 ἐν
552 1790 604 1857 τοῖς
613 1791 729 1873 φυσικοῖς
742 1787 931 1872 ΙΙροόλήμασι·

161 1911 173 1935 ι
192 1881 242 1942 ml
263 1880 288 1939 τί
302 1881 327 1940 οἱ
344 1879 511 1960 μυριζόμενοι
534 1877 705 1957 πολιώτεροι,
720 1877 737 1948 ἢ
751 1875 791 1936 ότι
804 1876 834 1936 τδ
850 1877 931 1958 μόρον

157 1968 200 2028 διδ
217 1967 251 2027 τδι
265 1967 395 2048 ἀρώματα
415 1965 568 2046 ξηραντικόν
587 1965 721 2042 ἐστι,)διδ
737 1965 782 2024 καί
799 1963 932 2046 αὐχμηροί

154 2058 178 2113 οἱ
194 2052 373 2132 μυριζόμενοι,
389 2053 443 2114 til
459 2057 560 2135 αὖγμδς
587 2052 759 2134 πολιωτέρους
777 2061 848 2112 ποιεῖ
857 2074 866 2127 ;
881 2051 933 2113 tiss

154 2142 205 2222 γὰρ
227 2141 337 2210 αὔανσις
362 2141 451 2224 τριχδς
474 2140 587 2214 scotti
603 2139 659 2200 τότ’
682 2139 766 2201 ένδεια
781 2145 934 2222 θερμοδ,ἡ

154 2230 263 2308 ξηρότης
289 2227 421 2312 μαραίνει.
448 2230 496 2291 brt
514 2230 565 2288 ’καὶ
593 2228 628 2288 τδι
650 2226 726 2288 πιλία
746 2233 841 2288 θᾶττον
865 2234 934 2286 ποιεῖ

154 2319 268 2386 πολιούς·
277 2315 411 2378 ἐκπίνεται
422 2317 473 2397 γδρ
493 2322 510 2390 ἡ
526 2317 611 2376 οἰκεία
622 2320 670 2390 τῆς
685 2317 773 2398 τριχδς
787 2317 907 2398 ὑγρότης.
922 2342 934 2368 ν

195 2404 238 2465 Ex
258 2405 408 2479 Athenaeo,
431 2403 599 2466 Eustathius
619 2407 655 2466 sd
668 2407 775 2485 Odyss.
790 2427 820 2486 p.
846 2407 933 2483 1679,

157 2495 205 2553 οδ.
227 2495 273 2558 Cf.
288 2493 422 2555 Clemens
441 2495 525 2558 Alex.
542 2496 697 2574 Paedagog.
720 2495 758 2566 ΙΙ,
781 2517 828 2570 70,
848 2516 880 2575 p.
897 2518 933 2570 77

156 2583 238 2662 Sylb.
266 2606 273 2640 :
292 2586 325 2644 Αἱ
343 2581 370 2642 δὲ
391 2582 566 2664 σἰφραὶνουσαι
579 2591 699 2662 γυναῖκες
715 2581 864 2663 βάπτονται
886 2580 935 2657 μὲν

156 2672 203 2739 τδις
217 2670 326 2748 πολιός,
348 2670 501 2750 μυρίζουσαι
529 2671 556 2730 δὲ
577 2671 624 2739 τδις
646 2669 755 2752 τρίχας,
777 2669 936 2749 πολιώτεραι

157 2769 251 2820 θᾶττον
277 2758 409 2838 γίνονται,
434 2758 478 2817 διὰ
501 2759 534 2816 sl
551 2759 680 2841 ἀρώματα
696 2756 837 2838 ξηραντικὰ
860 2757 934 2820 ὄντα.

157 2848 204 2910 Διὸ
225 2847 270 2904 καῖ
291 2846 484 2926 αὖχμηρότεροι
508 2845 623 2926 γίνονται
639 2849 663 2906 οἱ
689 2844 865 2924 μυριζόμενοι·
884 2846 937 2905 ὁδ’

157 2933 258 3015 αθχμδς
271 2932 444 3014 πολιωτέρους
458 2939 535 2991 ποιεῖ·
559 2932 612 2991 εἴτε
631 2930 681 3011 γδιρ
693 2927 799 2998 αὔανσις
816 2929 938 3014 τριγδςὴ

158 3021 248 3097 πολιέ,
263 3020 315 3080 ιὶτε
330 3019 416 3079 ἔνδεια
438 3023 547 3102 θερμοῦ,
563 3023 608 3090 τῆς
623 3018 761 3099 ξηρότητος
781 3021 828 3090 τῆς
848 3020 938 3101 τριχδς

157 3109 314 3182 έκιτινοόσης
334 3106 431 3192 τροφὴν
455 3107 504 3180 τὴν
526 3107 624 3187 ὑγρόν,
648 3107 693 3166 καὶ
711 3105 817 3175 πολιοὺς
838 3107 939 3167 ἀποτι-

157 3197 264 3272 λοόσης.
285 3198 427 3257 Canitiem
451 3215 510 3258 non
530 3215 594 3256 esse
621 3195 826 3255 arefactionem
856 3197 940 3258 Aris·

157 3287 260 3346 toteles
274 3285 359 3346 docet
377 3285 409 3344 in
432 3284 507 3344 Hist.
521 3285 557 3343 de
574 3284 669 3343 Anius.
687 3281 742 3354 ΙΙΙ,
766 3303 813 3357 ιι,
833 3283 863 3356 5,
886 3285 939 3345 de-

159 3375 264 3433 fectum
281 3391 354 3433 vero
368 3373 475 3432 caloris
490 3371 527 3430 de
547 3371 624 3431 Gen.
648 3373 705 3429 An.
720 3369 756 3441 ll,
777 3379 808 3442 ς,
821 3390 852 3449 p.
870 3375 939 3446 ηαδ,

159 3462 206 3531 αδ,
224 3471 273 3535 47.
295 3460 340 3522 Cf.
361 3460 465 3520 Probi.
488 3459 567 3520 ined.
584 3480 610 3519 s.
633 3461 672 3519 ΙΙ.
690 3466 738 3532 74,
754 3480 802 3532 77.
819 3457 876 3518 Eos
887 3459 939 3538 qui

159 3550 245 3626 pileis
265 3560 388 3608 utuntur
402 3549 526 3608 celerius
541 3567 694 3608 canescere
705 3547 782 3606 idem
802 3547 937 3618 ailimnat,

161 3742 239 3791 iorem
252 3760 259 3791 ι
281 3740 323 3792 alii
341 3743 424 3792 autem
437 3743 521 3804 quiete
534 3739 646 3804 adjurari
661 3739 856 3800 commotionem,
869 3743 941 3792 motu

161 3817 301 3882 perturbari
313 3817 474 3882 digestionem
487 3815 631 3868 nutrimenti
640 3819 727 3882 putant
744 3837 751 3866 ι
772 3817 875 3880 ideoque
886 3817 941 3868 aliis

163 3909 190 3956 ul
207 3919 221 3955 a
238 3917 307 3956 crunt
317 3904 401 3956 statim
412 3903 580 3966 deambulent,
593 3902 647 3953 aliis
660 3905 688 3953 υἱ
704 3900 830 3965 quiescent
842 3916 941 3967 persua·

163 4007 218 4043 sum
230 3997 277 4044 esi.

537 4131 576 4176 27.

194 4260 339 4312 sristotetes
349 4257 492 4324 inphysicis
505 4258 668 4310 Problematis
676 4257 747 4320 dicit,
757 4269 800 4308 eos
810 4257 855 4321 qui
865 4257 942 4308 semel

164 4349 261 4398 tanturn
275 4347 331 4400 cibo
344 4349 455 4408 utantur,
466 4346 614 4397 morosiores
623 4357 678 4396 esse
690 4341 722 4396 lis
732 4344 778 4408 qul
785 4343 831 4394 bis.

532 4488 571 4531 28.

197 4619 293 4679 Quurit
307 4620 374 4670 omui
396 4617 508 4669 doctrina
528 4617 737 4667 instructissimus
754 4614 898 4667 Aristoteles
916 4615 943 4666 iu

167 4709 274 4772 physicis
283 4706 445 4760 rostcmaus
454 4729 460 4756 :
470 4709 522 4758 cnr
532 4706 611 4770 magis
622 4707 751 4756 canescant
762 4705 805 4768 qui
819 4705 943 4769 unguento

169 4799 242 4861 caput
259 4797 395 4862 inungunt?
406 4799 452 4860 An,
472 4796 587 4861 quoniam
603 4793 755 4859 unguentum
773 4793 874 4857 propter
887 4805 942 4842 aro-

168 4887 233 4934 mata
249 4883 367 4947 desiccat,
387 4883 443 4936 ideo
456 4883 544 4944 etium,
561 4869 603 4947 qui
624 4879 756 4947 unguentis
768 4881 874 4932 utuntur
894 4879 943 4930 sic-

169 4973 247 5022 ciores
255 4971 337 5023 liunt?
347 4973 448 5023 Siccltas
461 4966 639 5036 uutem'magis
652 4969 711 5021 lacit
722 4981 805 5020 cauus.
818 4969 880 5019 llam
891 4967 945 5018 sire

169 5058 271 5111 ariditas
288 5059 404 5125 ουιοδωιι
423 5061 504 5126 capili
520 5061 553 5112 sit
572 5059 687 5119 miudes,
704 5059 757 5109 sire
776 5055 890 5109 delectus
908 5069 946 5107 cs

169 5149 236 5211 ioris,
248 5148 360 5201 siccitate
372 5151 439 5202 certe
451 5148 534 5200 omnia
539 5149 704 5200 marcescunt.
717 5146 881 5207 Quareetium
889 5143 946 5210 pilei

169 5237 242 5289 citius
254 5249 330 5290 canos
341 5236 435 5290 iaciunt
454 5257 460 5288 ι
479 5237 537 5302 quit
548 5235 688 5288 absumitur
700 5236 789 5286 limnor
799 5231 893 5285 alendis
906 5247 945 5283 ca·

168 5326 234 5390 pillis
242 5325 386 5380 destinatus.

987 819 1033 881 ct.
1053 819 1134 879 Hier.
1145 817 1310 878 Mercurial.
1324 821 1395 879 ἴαν.
1411 821 1500 878 lectt.
1515 817 1541 890 l,
1563 839 1611 880 ar.

1299 989 1337 1046 ²9
1360 968 1456 1049 (sta).

1028 1124 1105 1204 Epir.
1132 1126 1262 1186 Athenai
1285 1126 1309 1200 l,
1322 1148 1354 1205 p.
1379 1129 1471 1205 al‚l)
1488 1124 1591 1189 ιἜστι
1610 1127 1655 1189 καὶ
1668 1128 1762 1207 τρόπος

986 1211 1074 1292 έτερος
1095 1212 1191 1292 (apud
1211 1213 1369 1274 Homerum
1383 1214 1461 1294 scil.)
1478 1212 1604 1291 καμάτων
1621 1215 1720 1282 λόσιως
1733 1218 1764 1274 dx

986 1322 1039 1358 των
1057 1297 1128 1358 κατὰ
1141 1300 1259 1380 κεφαλῆς
1271 1299 1474 1374 καταιονήσεων·

1018 1443 1124 1505 θυμῆρες
1132 1442 1255 1506 κεράσασα
1267 1441 1418 1505 κατὰκρατός
1426 1459 1452 1492 τε
1462 1444 1503 1492 καὶ
1511 1444 1583 1505 ὤμων
1593 1441 1650 1506 (0d.
1662 1462 1689 1507 ιι,
1696 1446 1762 1508 ast).

986 1557 1022 1616 Αἱ
1035 1557 1086 1637 γδρ
1102 1556 1228 1634 Ιμόόσεις
1242 1557 1448 1640 παρασχομένου
1464 1558 1629 1639 πανταχόθεν
1643 1566 1697 1625 τοῖς
1709 1558 1763 1618 πό-

985 1665 1039 1722 ροις
1061 1647 1109 1702 τῶ
1136 1641 1229 1712 ὕδατος
1260 1639 1404 1724 φράττουσι
1431 1641 1480 1717 τὴν
1503 1645 1555 1702 τῶν
1578 1643 1694 1722 ἱδρώτων
1721 1643 1764 1703 έκ-

985 1753 1083 1810 κρισιν,
1095 1730 1214 1810 καθάπερ
1226 1729 1260 1790 δν
1269 1729 1294 1789 εἱ
1305 1754 1344 1798 τις
1356 1731 1439 1807 ἠθμδς
1453 1733 1489 1799 εἰς
1503 1731 1574 1812 ὕδωρ
1590 1734 1683 1810 βληθῇ·
1697 1731 1765 1800 διέξ·

986 1840 1037 1877 εισι
1060 1817 1111 1898 γδρ
1127 1817 1199 1878 attis
1217 1821 1240 1876 ιὶ
1259 1818 1297 1894 μή
1316 1840 1354 1884 τις
1366 1817 1445 1880 «dxiv
1460 1819 1621 1900 percupide<
1639 1820 1693 1886 τοῖς
1714 1819 1766 1880 πό-

986 1927 1040 1984 ροις
1058 1905 1196 1987 ἀναψυχὴν
1216 1906 1262 1966 καῖ
1284 1905 1395 1975 διέξοδον
1410 1909 1447 1974 εἰς
1467 1906 1498 1967 τδ
1516 1905 1566 1975 ἱζω
1579 1907 1717 1987 παράσχῃ,
1730 1911 1765 1974 ώς
1806 1917 1811 1924 ’

988 1989 1234 2074 Ἀριστοτέλης
1248 1993 1354 2074 εἱρηκεν
1374 1994 1401 2052 ἐν
1423 2002 1478 2062 τοῖς
1496 2002 1614 2075 φυσικοῖς
1637 1995 1765 2076 Προὸλή-

987 2105 1056 2160 μασι
1074 2085 1176 2158 ζητιῗιν,
1196 2080 1239 2141 διδ
1263 2080 1289 2139 τί
1304 2083 1328 2142 οἱ
1349 2082 1495 2162 ἱδροῦντες,
1511 2080 1577 2143 tels
1600 2081 1710 2142 έλθωσιν
1729 2085 1766 2149 εἰς

986 2170 1080 2247 θιρμδν
1090 2167 1109 2238 ἢ
1119 2169 1221 2251 ιρνχρδν
1231 2169 1312 2246 ὕδωρ,
1324 2171 1372 2228 οὐκ
1385 2168 1427 2228 ἔτι
1439 2171 1566 2249 ἱδροῦσιν,
1577 2169 1626 2237 ἕως
1638 2169 1670 2228 δν
1683 2169 1764 2229 πόλιν

988 2256 1166 2316 ἐπανέλθωσιν
1184 2256 1238 2317 tul
1251 2260 1303 2317 τῶν
1314 2255 1464 2333 έμόόσεων.

1030 2345 1144 2406 Similis
1153 2357 1199 2406 est
1214 2345 1338 2424 questio
1348 2345 1382 2405 in
1396 2344 1546 2407 Problem.
1563 2365 1588 2405 s.
1601 2344 1642 2416 ll,
1661 2366 1678 2402 a
1693 2367 1701 2403 τ
1715 2344 1766 2405 orl

989 2433 1016 2582 φῖ
1029 2435 1376 2580 pppielrdffipdsgpvdistppp
1386 2431 1462 2493 ὕδατι
1476 2431 1557 2513 μέρη,
1570 2433 1625 2494 οὐδ’
1635 2432 1667 2493 δν
1682 2433 1765 2511 θερμὴ

1309 2688 1345 2745 ιο
1370 2685 1461 2764 (ιιι).

1031 2843 1167 2922 Apellen.
1196 2842 1305 2903 btirab.
1334 2863 1360 2903 c.
1381 2843 1419 2900 οδ
1444 2864 1451 2899 z
1477 2841 1722 2919 Ἀριστοτέλης
1741 2843 1767 2899 ἐν

989 2939 1043 2999 τοῖς
1057 2931 1166 2998 Ζωικοῖς
1185 2931 1240 3005 (fr.
1256 2931 1314 3008 54)·
1331 2927 1366 2990 '0
1378 2927 1469 3010 ρόπος,
1485 2925 1575 3009 φησίν,
1588 2929 1614 2987 έν
1627 2931 1680 2995 τοῖς
1695 2929 1767 2986 ώτα·

992 3019 1055 3100 ρὶοις
1068 3018 1218 3098 γιγνόμενος
1240 3015 1333 3097 πικρδς
1349 3013 1398 3091 ών,
1414 3014 1477 3075 όταν
1499 3015 1623 3074 τελευτᾶν
1637 3013 1768 3093 μέλλωσιν

991 3111 1018 3168 έν
1032 3115 1089 3174 ταῖς
1102 3115 1217 3187 μακραῖς
1231 3104 1316 3171 νόσοις
1329 3102 1425 3182 γλυκδς
1438 3104 1547 3184 γίνεται.
1561 3107 1649 3167 Τοῦτο
1661 3102 1698 3179 δι’,
1718 3127 1769 3184 φη-

992 3195 1045 3268 σίν,
1067 3192 1285 3275 παρατιτήρηται
1304 3193 1348 3252 ἐπὶ
1361 3193 1466 3252 πολλῶν
1486 3189 1648 3272 γιγνόμενον.
1662 3188 1770 3250 {snott-

991 3283 1059 3341 δωκε
1073 3281 1100 3340 lt
1114 3282 1160 3343 καλ
1173 3281 1221 3355 τλν
1233 3280 1320 3341 αἰτίαν
1331 3285 1376 3340 τοῦ
1386 3277 1538 3362 γιγνομένου
1553 3280 1580 3337 έν
1591 3284 1644 3345 τοῖς
1655 3285 1771 3359 φυσικοῖς

992 3369 1200 3453 Προόλήμασιν.

1031 3458 1183 3520 ΡιοΙιΙοιιιι
1209 3478 1232 3518 s.
1249 3455 1367 3530 XXXll,
1396 3464 1425 3529 4,
1447 3455 1523 3514 illud
1547 3459 1659 3515 tantum
1680 3455 1770 3512 modo

993 3549 1133 3626 quaeritur
1146 3569 1199 3607 cur
1210 3548 1310 3607 sordes
1324 3547 1355 3604 in
1374 3543 1495 3604 auribus
1509 3562 1614 3602 amarae
1623 3543 1690 3603 sint.

1368 3765 1407 3811 λθ.

1025 3905 1070 3953 Est
1082 3904 1107 3953 et
1122 3900 1191 3952 uliud
1205 3899 1321 3951 curando
1333 3895 1485 3948 lassitudinis
1501 3907 1594 3960 genus,
1606 3893 1675 3959 quod
1686 3895 1717 3946 lrt
1728 3909 1769 3945 ea-

994 3991 1054 4055 pitis
1066 3989 1237 4054 bngsdone...
1253 3989 1283 4038 ln
1305 3985 1368 4036 solio
1390 3983 1456 4036 enim
1469 3993 1551 4048 equa,
1566 3981 1695 4047 spiraculis
1708 3984 1773 4034 cutis

994 4078 1104 4142 undique
1117 4075 1275 4136 drcumbrsa,
1289 4073 1398 4125 obstruit
1412 4070 1512 4124 sudoris
1523 4069 1702 4128 castellonem
1720 4072 1772 4121 rel·

995 4167 1033 4217 uli
1051 4167 1073 4216 si
1096 4165 1205 4216 cribrum
1220 4163 1247 4213 iu
1258 4173 1350 4225 ειςιιαιιι
1368 4159 1473 4224 injicias.
1492 4159 1554 4209 llam
1567 4171 1599 4209 cx
1617 4157 1699 4208 cribro
1713 4157 1773 4208 nibil

996 4245 1098 4305 effluet,
1113 4241 1161 4294 nisi
1180 4239 1317 4304 attollatur,
1338 4243 1370 4291 ut
1390 4238 1481 4304 apertis
1500 4236 1661 4288 tmsmtnbus
1673 4237 1773 4288 humori

996 4334 1064 4384 lorus
1081 4314 1182 4386 exituro
1203 4330 1245 4383 ‘r'n
1263 4332 1348 4396 petest
1368 4341 1375 4373 τ
1403 4326 1613 4393 quemadmodum
1629 4327 1773 4380 Aristoteles

996 4421 1109 4488 exposuit
1120 4421 1146 4473 in
1163 4419 1274 4486 pbysleis
1283 4416 1457 4479 problematis,
1477 4411 1632 4467 ubicansam
1645 4417 1772 4481 esposuit,

995 4525 1042 4562 eur
1053 4509 1096 4574 qni
1114 4507 1217 4568 suum.
1233 4508 1288 4559 sire
1310 4503 1389 4557 calida
1404 4503 1457 4554 rire
1470 4503 1559 4568 frigida
1571 4503 1663 4565 lavent,
1680 4504 1770 4555 sudare

995 4600 1121 4661 dsunt,
1142 4609 1188 4648 nee
1201 4597 1295 4648 iterun
1311 4593 1411 4655 sudent,
1425 4593 1571 4658 priusquam
1583 4592 1666 4644 esolis
1682 4592 1772 4645 duces

1366 4823 1405 4870 θθ.

1029 4966 1173 5017 Aristoteles
1185 4964 1210 5014 in
1221 4976 1295 5028 opere
1311 4961 1343 5012 de
1352 4960 1383 5010 iis
1395 4971 1453 5024 que
1467 4957 1499 5008 ad
1512 4956 1625 5006 animulis
1636 4953 1771 5018 pertinent,

998 5054 1092 5116 sordes,
1114 5052 1210 5117 inquit,
1226 5064 1283 5115 que
1302 5047 1450 5100 inauribus
1471 5045 1613 5109 gignuntur,
1631 5055 1708 5105 quum
1722 5039 1773 5092 sint

998 5141 1107 5206 alioquin
1121 5153 1219 5200 emere,
1235 5139 1321 5190 dulces
1334 5132 1460 5187 morituris
1472 5131 1525 5182 lieri
1538 5144 1545 5174 t
1562 5129 1636 5193 idque
1647 5129 1672 5178 in
1685 5126 1772 5180 multis

998 5243 1053 5282 esse
1064 5229 1223 5281 obscrrstum
1237 5228 1375 5278 etecusam
1386 5221 1423 5272 rei
1434 5218 1532 5283 exponit
1546 5217 1572 5292 in
1586 5216 1695 5282 physicis
1714 5219 1772 5268 Pro-

999 5317 1121 5369 blemaiis.
