4017 5984
864 455 985 519 tolca,
1661 475 1715 532 ΠΙ

120 671 166 748 μίν
181 661 225 731 aba
238 676 332 752 σχῆμα
343 675 390 744 τῆς
401 669 512 752 θστίρας
529 673 601 752 [τῶν
615 674 737 751 σελαχῶν
752 673 818 735 scii.
831 677 841 754 J
855 677 890 740 ῶς
945 679 1108 738 Aristotelis
1124 680 1221 740 verbis
1234 682 1462 762 deprehenditur
1472 699 1501 744 et
1514 689 1666 748 confirmat
1675 693 1719 750 in·

120 761 176 842 ἔχει
193 761 227 820 ia
240 762 304 818 τῶν
320 761 500 836 ἀνατομῶν
512 758 668 839 θεωρείσθω.
945 766 1011 826 dex.
1032 767 1097 826 Non
1120 770 1212 846 magis
1233 771 1323 848 igitur
1337 773 1500 833 audiendus
1522 789 1565 835 est
1596 778 1718 854 Rosius,

160 845 550 919 DePartibusAnimal.1V,
568 848 613 918 13,
634 868 664 926 p.
689 851 756 922 302,
775 849 809 906 15
833 849 892 909 :0t
914 834 917 914 ί
946 856 1083 931 quumde
1097 856 1151 915 hac
1169 878 1216 930 re,
1232 859 1397 918 inlibrode
1409 868 1563 921 An‘stoteiis
1576 869 1639 925 libr.
1657 875 1717 930 ord.

90 967 95 978 ·
120 935 168 1012 μὲν
190 926 234 994 οὗν
258 936 342 993 αὐτῶν
362 935 431 1008 (τῶν
453 935 574 1014 σαλαχῶν
597 936 672 1014 scii.)
698 935 786 1017 ἔχουσι
807 933 918 1040 mitt}
945 957 972 998 ct
986 959 1062 1003 auct.
1079 965 1109 1023 p.
1135 947 1202 1019 188,
1221 959 1346 1007 statuere
1360 963 1495 1024 conatus,
1513 953 1639 1013 affirmat
1654 976 1720 1016 eos·

122 1021 257 1102 βροίγχια,
277 1024 301 1080 οί
315 1021 338 1080 θ’
352 1020 445 1100 ὀλίγα,
461 1022 507 1080 καί
520 1024 544 1080 οί
559 1021 607 1100 μὲν
624 1024 705 1084 διπλᾶ
726 1027 750 1083 σί
762 1025 786 1084 θ’
805 1025 891 1085 iaia·
946 1029 1011 1088 dem
1040 1032 1125 1111 plane
1144 1034 1234 1093 fuisse
1257 1035 1349 1095 irbros
1372 1038 1495 1118 Ιστοριων
1509 1051 1537 1097 et
1561 1047 1718 1117 Ανατομῶν,

120 1109 151 1169 τί
166 1111 189 1168 θ’
207 1108 318 1190 ίσχατον
332 1109 431 1170 ἁπλοῦν
450 1111 474 1169 oi
492 1109 620 1170 πλεῖστοι.
640 1111 698 1184 Τὴν
720 1112 742 1170 δ’
754 1113 892 1192 ἀκρίῶειαν
946 1137 1032 1194 quam
1049 1140 1138 1196 quum
1152 1120 1275 1201 (Aristar.
1289 1127 1469 1201 Pseudepigr.
1485 1146 1514 1204 p.
1527 1130 1720 1206 aqiiinuliam

120 1200 236 1258 ἐκτῶν
257 1199 436 1276 ἀνατομῶν
456 1197 518 1277 περί
535 1196 694 1258 τούτωνκαὶ
708 1200 734 1258 ίν
751 1210 808 1268 ταῖς
822 1202 893 1262 ίστο·
947 1206 1037 1265 fuisse
1051 1207 1244 1269 differentiam
1258 1211 1336 1270 inter
1352 1210 1502 1290 Ἀνατομῶν
1515 1229 1543 1274 et
1558 1218 1667 1276 Ζωικῶν
1682 1219 1721 1277 Ιί·

122 1287 189 1366 ρίαις
202 1289 259 1353 ταῖς
275 1285 335 1366 περὶ
349 1285 383 1344 ct
398 1287 451 1366 ζῷα
465 1287 505 1346 δεῖ
517 1291 632 1369 θεωρεῖν.
947 1295 1015 1353 bros
1028 1298 1185 1358 contendit.
1200 1299 1261 1374 Hoc
1273 1301 1353 1359 enim
1368 1301 1470 1360 falsum
1484 1322 1548 1363 esse
1558 1304 1618 1382 jam
1632 1308 1722 1385 Apol-

162 1375 204 1432 De
218 1373 321 1432 Gener.
335 1374 462 1433 Animal.
477 1373 502 1448 ί,
521 1396 567 1450 ιι,
586 1396 617 1454 p.
631 1377 697 1450 325,
715 1398 751 1451 27
778 1401 784 1434 :
807 1385 854 1436 Δεῖ
867 1376 894 1438 ii
947 1381 1020 1440 lonii
1031 1384 1197 1445 testimonio
1210 1388 1397 1467 comprobari
1412 1392 1536 1468 poterit,
1549 1394 1600 1470 qui
1613 1409 1720 1471 praeter

122 1462 169 1520 καί
190 1461 249 1542 περί
270 1461 367 1532 ταύτης
383 1462 452 1538 (τῶν
467 1464 588 1543 σελαχῶν
609 1463 686 1544 scii.)
701 1465 820 1547 καὶπερὶ
841 1468 894 1525 τῶν
948 1469 1039 1528 Ζοιῖκά
1063 1485 1091 1530 et
1116 1471 1255 1555 Ἱστορίας,
1277 1474 1405 1554 Ἐκλογοίς
1428 1498 1545 1557 quoque
1570 1479 1720 1557 Ἀνατομῶν

122 1549 210 1607 ἀλλων
223 1551 350 1629 θστιρῶν,
360 1547 388 1608 θν
400 1548 495 1630 τρόπον
507 1547 632 1630 ίχουσιν,
646 1551 681 1611 ia
694 1575 728 1612 τι
742 1556 805 1612 τῶν
818 1556 854 1612 ἀν
864 1578 894 1612 α·
948 1558 1089 1617 nominat.
1105 1560 1186 1620 Taiis
1199 1577 1294 1621 autem
1307 1567 1438 1642 excerpti
1455 1568 1565 1626 mentio
1576 1569 1606 1626 ίπ
1625 1551 1722 1628 indice

121 1637 231 1714 τζομῶν
245 1633 435 1716 τεθεωρηκέναι
452 1637 498 1696 καί
512 1639 565 1698 τῶν
580 1640 713 1720 ἱστοριῶν.
948 1648 1125 1706 mentionem
1162 1651 1267 1727 integri
1303 1653 1402 1730 operis
1432 1655 1527 1713 statim
1565 1657 1720 1736 subsequi-

163 1723 258 1782 Simili
267 1724 353 1802 plane
363 1725 450 1783 modo
460 1724 624 1785 utinhisce
635 1727 893 1806 locisdristotelis,
917 1773 920 1838 Ι
949 1747 995 1792 tur
1021 1735 1158 1814 ιἘκλογὴ
1185 1737 1337 1814 Ἀνατομῶν
1369 1739 1396 1797 α’
1418 1743 1522 1819 (Diog.
1545 1744 1639 1804 laert.
1665 1757 1718 1816 νος

123 1831 188 1869 cum
198 1810 376 1869 Animaiium
384 1810 518 1871 historiis
528 1812 659 1889 ἀνατομαί
667 1812 894 1892 conjunguntur,
917 1853 920 1870 ι
949 1819 1064 1897 Ἐκλογὴ
1080 1819 1177 1880 τούτων
1192 1824 1217 1881 α’
1229 1826 1326 1886 anon.
1337 1827 1396 1906 85).

122 1897 199 1976 apud
219 1898 407 1976 interpretem
429 1897 564 1958 Graecum
580 1899 651 1959 libri
666 1901 702 1959 de
717 1901 894 1962 animalium

123 1985 274 2060 ingressu,
290 1985 375 2063 cujus
385 1985 497 2045 scholia
509 2000 577 2065 post
590 1989 733 2067 Simplicii
748 2010 894 2050 commen·
1084 2013 1148 2075 xpp
1171 2017 1325 2078 ΕΚΔΟΓΗ
1347 2021 1558 2080 ΑΝΑἸῸΜΩΝ

124 2075 215 2130 tarios
232 2071 268 2130 ad
288 2071 383 2131 libros
403 2073 439 2131 de
453 2073 559 2132 Anima
570 2075 648 2134 edita
663 2089 738 2134 sunt.
751 2075 793 2134 Ex
807 2076 895 2155 hujus
1561 2067 1568 2082 ’

124 2174 220 2218 tauron
236 2159 336 2219 verbis
357 2160 406 2221 sol.
429 2162 486 2234 178
499 2180 586 2221 verso
603 2185 610 2220 ι
625 2160 691 2223 Ὅτι
705 2163 729 2221 θ’
744 2163 794 2222 tici
816 2163 895 2244 μόριά
1287 2182 1381 2261 (α36.)

124 2271 182 2306 τινα
207 2245 249 2328 iq'
267 2237 304 2305 ῶν
327 2249 430 2306 ίνοῶται
451 2248 509 2325 καί,
525 2249 688 2330 συνεχίζεται
711 2251 744 2310 :t
770 2252 896 2330 ὀργανικὰ

122 2333 207 2413 μέρη,
219 2333 295 2404 δῆλον
306 2335 336 2392 ἐκ
353 2335 406 2413 [τι]
422 2337 468 2406 τῆς
484 2334 545 2414 πἐρὶ
561 2335 824 2417 ζῴωνὶσςορίαςχαὶ
834 2341 896 2396 τῶν
988 2327 1164 2406 Apollonius
1174 2327 1279 2390 Mirab.
1291 2351 1316 2388 c.
1330 2331 1367 2406 39
1382 2352 1389 2387 :
1403 2329 1642 2408 Ἀριστοτέλης
1656 2333 1679 2389 δ’
1695 2335 1722 2391 ἐν

123 2425 327 2500 ἀνατομῶν,
339 2422 414 2482 nihii
436 2425 505 2483 satis
525 2427 599 2484 certi
617 2427 683 2485 elici
709 2440 814 2505 potest.
837 2426 895 2486 Nec
949 2415 1006 2483 ταῖς
1018 2418 1159 2494 'Emittit
1169 2421 1221 2475 τῶν
1230 2416 1391 2496 'Amittit'
1404 2416 1506 2498 ‘'qu
1515 2417 1622 2499 ὤίθθίί
1635 2419 1723 2501 Πᾶθῑθ

124 2509 229 2585 magis,
244 2529 360 2583 vereor,
374 2511 410 2569 ad
418 2509 633 2590 dijudicandam
643 2514 828 2589 quaestionem
843 2535 896 2574 nos
949 2501 1031 2571 πόδας
1043 2502 1112 2583 ἔχων
1125 2502 1169 2562 δίο
1184 2503 1287 2581 ὁμοίους
1297 2506 1415 2587 χερσαίῳ
1427 2505 1584 2587 κροκοδείλῳ
1598 2533 1620 2568 ι.

120 2595 241 2673 juvabit
252 2596 409 2675 Apulejus‚
423 2599 534 2678 quippe
546 2601 595 2678 qui
607 2645 616 2677 ,
628 2621 717 2679 quum
730 2600 760 2660 in
771 2601 849 2659 libro
861 2601 897 2659 de

127 2685 234 2760 Magia,
254 2704 279 2740 c.
297 2685 350 2756 36,
375 2685 505 2764 primum
524 2687 624 2748 dixit:
641 2693 718 2745 Bene
732 2691 805 2765 quod
821 2693 899 2764 apud
1223 2691 1303 2754 xiii.
1323 2696 1453 2756 ΖΩΙΚΑ.

124 2786 168 2838 tc,
189 2773 329 2841 Maxime,
342 2791 429 2827 caasa
438 2780 545 2847 agitur,
559 2781 607 2850 ραι·
614 2797 668 2851 pro
680 2790 730 2832 tua
746 2779 898 2832 eruditione

127 2863 221 2934 legisti
240 2856 368 2934 profecto
390 2864 549 2917 Aristotelis
571 2861 633 2941 περί
656 2860 729 2942 ζῴων
755 2861 897 2939 γενέσεως,
991 2862 1148 2920 Ntrrnerum
1158 2863 1303 2920 librorum
1311 2864 1347 2922 de
1355 2864 1523 2922 animalium
1531 2865 1724 2924 sivehistoria

126 2943 188 3024 περί
204 2941 276 3023 ζῴων
291 2946 442 3020 ἀνατομῆς,
458 2946 518 3027 περὶ
530 2947 602 3026 ζῴων
616 2947 730 3028 ἱστορίας
748 2953 898 3027 inultijuga
951 2951 1013 3008 sire
1027 2963 1146 3021 natura,
1162 2950 1215 3024 qni
1229 2949 1289 3026 jam
1304 2950 1375 3009 inde
1389 2951 1426 3008 ab
1447 2951 1722 3018 Alexandrinorum,

127 3038 286 3100 volandna,
306 3033 412 3092 deinde
427 3055 512 3108 vero,
530 3057 557 3098 c.
573 3045 631 3106 λοι
648 3041 737 3112 Quasi
757 3058 826 3095 vero
843 3060 898 3096 non
953 3049 984 3094 ut
999 3038 1116 3095 ridetur
1127 3080 1135 3107 ‚
1147 3049 1240 3109 aetate,
1255 3055 1307 3095 seu
1321 3057 1394 3096 vero
1410 3057 1462 3096 seu
1473 3038 1548 3096 saiso
1561 3038 1724 3100 Aristotelis

122 3126 304 3199 pauloprius
323 3126 464 3194 dixerim,
492 3146 537 3182 me
554 3129 591 3182 de
606 3131 756 3201 particulis
775 3134 898 3183 omnium
952 3126 1072 3183 nomine
1092 3125 1228 3203 inscripti
1252 3125 1540 3196 circumferebantur,
1557 3127 1648 3185 multo
1663 3147 1724 3186 ma-

124 3215 315 3282 aninraliam,
334 3215 441 3268 desita
462 3233 557 3270 earam
573 3217 663 3290 deque
684 3222 901 3271 causaconscri-
949 3211 1046 3289 jorem
1063 3211 1153 3270 fuisse
1167 3230 1253 3287 quam
1274 3230 1360 3289 quem
1382 3213 1492 3272 indices
1513 3214 1606 3272 nostri
1629 3214 1723 3272 decia·

126 3300 190 3356 bere
210 3319 245 3356 ac
265 3302 349 3356 libres
372 3301 510 3377 ἀνατομῶν
526 3305 682 3358 Aristotelis
702 3317 730 3359 et
751 3305 901 3378 explorare
954 3311 1033 3375 rant,
1059 3318 1125 3357 cum
1150 3305 1356 3374 quinquaginta
1379 3298 1476 3371 ferme
1499 3303 1648 3356 volumina
1673 3306 1726 3357 illa

124 3389 217 3442 studio
239 3401 269 3444 ct
288 3407 406 3462 augere,
426 3387 463 3445 de
483 3388 574 3447 nuliis
595 3388 663 3447 aiiis
679 3387 765 3448 tibris
784 3389 900 3449 iocatus
949 3391 1093 3462 proeciam
1103 3390 1139 3443 de
1152 3388 1323 3442 animalibus
1333 3386 1484 3444 ostendere
1496 3385 1725 3464 ridentur,quo·

126 3491 189 3531 esse
203 3473 320 3531 videtur
331 3493 418 3552 quam
430 3473 468 3532 de
478 3475 516 3534 iis
527 3475 578 3552 qui
593 3476 629 3534 de
639 3477 817 3535 Animaiium
829 3476 899 3535 Par·
954 3492 1019 3532 rum
1049 3473 1225 3532 mentionem
1252 3471 1355 3549 injecit
1376 3472 1493 3531 Piinius
1519 3473 1592 3531 Hist.
1622 3473 1722 3534 Natur.

127 3558 204 3618 tibus
217 3561 353 3640 inscripti
366 3575 441 3622 sunt.
953 3561 1034 3635 titt,
1056 3583 1103 3633 ις,
1129 3561 1186 3632 43,
1210 3573 1270 3618 tum
1284 3561 1445 3638 praesertim
1468 3559 1608 3635 Antigoni
1623 3560 1723 3633 verba,

167 3647 210 3704 De
224 3659 283 3705 tota
295 3649 387 3724 igitur
408 3649 461 3707 hac
485 3669 533 3722 re,
556 3670 621 3709 eum
647 3651 844 3722 Schneidero,
867 3653 899 3711 in
955 3649 996 3707 ita
1013 3649 1137 3707 dicentis
1155 3645 1262 3705 Mirab.
1288 3668 1313 3706 c.
1327 3650 1367 3705 60
1391 3668 1399 3703 ι
1426 3646 1504 3718 Πλὴν
1525 3645 1542 3704 θ
1554 3669 1585 3724 γε
1601 3650 1724 3727 Ἀριστο-

127 3732 298 3804 Proefat.ad
308 3743 393 3794 Arist.
400 3739 436 3792 de
444 3743 537 3793 Atrine.
549 3739 641 3798 λίσαι.
650 3737 675 3810 l,
683 3737 786 3817 p.xll‚
799 3738 902 3798 Prant·
954 3736 1033 3808 τίλης
1043 3735 1124 3817 χωρίς
1136 3738 1182 3806 τῆς
1196 3734 1256 3813 περὶ
1269 3733 1328 3801 τοὺς
1340 3733 1412 3812 βίους
1422 3737 1477 3793 τῶν
1491 3733 1564 3814 ζῴων
1579 3735 1726 3815 ίντρεχείας

127 3823 183 3891 Ιίο,
199 3823 243 3876 De
253 3823 330 3877 libris
342 3825 383 3878 od
395 3825 460 3882 laist.
476 3828 605 3885 animali.
618 3833 767 3900 pertinent.
785 3831 895 3894 ordine,
954 3824 999 3881 καί
1021 3823 1130 3882 τοιαῦταί
1150 3844 1209 3881 τινα
1226 3821 1384 3902 θιεξίρχεται
1396 3870 1405 3895 ,
1419 3822 1489 3894 πάνυ
1512 3822 1612 3894 πολλὴν
1633 3825 1725 3894 ἐπιμέ-

126 3908 284 3979 Monacbii,
305 3911 388 3981 1843,
403 3929 432 3988 p.
445 3909 482 3968 25
497 3929 553 3988 sq„
565 3909 694 3985 ThieliO,
711 3917 753 3969 De
769 3917 897 3988 zoologi-
953 3911 1027 3967 λειαν
1050 3907 1266 3985 πεποιημένοςέν
1289 3912 1343 3976 τοῖς
1362 3910 1495 3979 πλείστοις
1508 3912 1593 3969 αὐτῶν
1613 3904 1724 3970 anicios

126 4018 181 4056 cor.
199 4002 313 4056 Aristot.
338 3999 400 4058 libr.
428 4001 535 4068 ordine,
561 3997 678 4060 Vratisl.
704 3999 791 4071 1855,
807 4019 838 4078 p.
863 4019 900 4058 aa
954 3997 1023 4077 ἔργῳ
1032 4001 1062 4058 οὗ
1074 3997 1200 4078 παρέργῳ
1213 3996 1470 4079 χρῶμανοςτῇπερί
1482 3998 1582 4059 τούτοιν
1594 3997 1723 4074 ἐξηγήσει·

125 4103 183 4161 sq,
195 4083 320 4156 Zeilero,
335 4087 500 4143 Gesclticittc
508 4088 560 4142 der
574 4089 683 4147 Partes.
691 4091 744 4144 der
750 4089 894 4156 Grieclten,
953 4086 987 4144 τὰ
999 4089 1060 4163 γοῶν
1072 4085 1159 4145 πάντα
1169 4084 1263 4164 σχεδὸν
1275 4083 1456 4159 ίὸθομήκοντα
1467 4085 1528 4168 περί
1539 4089 1625 4144 αθτῶν
1640 4109 1724 4144 κατα-

127 4183 148 4228 t.
170 4170 215 4245 ΙΙ,
237 4193 266 4244 a,
286 4193 316 4250 p.
340 4175 397 4246 66,
417 4174 458 4231 sic
473 4174 655 4233 statuendum
674 4194 737 4236 esse
759 4175 898 4254 arbitror,
955 4171 1083 4244 ἀέθληται
1098 4171 1206 4252 βιθλία,
1231 4171 1277 4230 καί
1299 4173 1458 4253 πεπείραται
1476 4171 1724 4254 ἐξηγητικῶτερονλ

126 4258 554 4336 prateriibrosdeiinimaiium
563 4262 901 4338 Historiis‚Aristotelem
953 4259 1152 4336 ίστορικῶτερον
1165 4262 1191 4319 ἐν
1210 4258 1330 4327 ἑκάστοις
1345 4260 1562 4340 ἀναστρέφεσθαι.

126 4347 202 4405 aiios
213 4348 354 4425 quosdam
367 4349 550 4422 condidisse,
562 4351 592 4409 in
611 4351 717 4428 quibus
730 4351 901 4430 descriptio·
995 4348 1028 4407 Ιπ
1048 4349 1200 4407 condendo
1223 4367 1313 4428 opere
1335 4348 1481 4408 Naturalis
1502 4349 1638 4408 Historiae
1661 4351 1725 4409 Pii·

126 4454 178 4494 nes
202 4455 256 4514 per
270 4437 445 4496 lineamenta
461 4438 636 4496 interiorum
658 4441 784 4518 partium
803 4440 902 4518 cujus·
955 4438 1054 4508 nium,
1070 4451 1101 4496 ut
1121 4450 1267 4516 parerat,
1283 4437 1384 4496 ubivis
1399 4437 1458 4495 sere
1477 4438 1641 4497 Aristotelis
1658 4457 1724 4498 ves-

126 4519 241 4602 cunque
259 4527 374 4602 generis
397 4527 566 4585 animalium
593 4525 826 4586 continebantur.
842 4527 902 4586 Hos
954 4527 1035 4602 tigiis
1060 4527 1211 4598 institisse,
1233 4545 1319 4584 nemo
1344 4526 1477 4604 profecto
1499 4525 1654 4585 mirabitur
1672 4530 1723 4604 qui

126 4625 220 4670 autem
234 4613 903 4673 cumlibrisdeAnimaiiumhistoriisarctiore
955 4630 1063 4692 quanta
1088 4614 1177 4691 hujus
1200 4613 1356 4672 auctoritas
1377 4613 1407 4672 in
1434 4613 1484 4671 tali
1506 4615 1667 4690 praesertim
1692 4635 1724 4673 re

127 4700 251 4776 quodam
268 4719 345 4760 nexu
370 4701 536 4774 cohaesisse,
553 4722 618 4760 cum
640 4713 669 4760 et
689 4704 753 4782 ipsa
772 4721 818 4760 res
834 4703 902 4760 satis
955 4722 1008 4779 per
1043 4715 1130 4760 totam
1160 4702 1359 4778 antiquitatem
1393 4701 1479 4759 inerit
1512 4721 1572 4760 non
1601 4704 1723 4777 ignorat.

126 4787 263 4858 declarat,
283 4801 342 4847 tum
359 4789 494 4867 frequens
512 4803 704 4867 utrorumque
718 4790 796 4868 apud
805 4790 902 4868 pbilo-
954 4789 1087 4860 Quonam
1102 4809 1173 4848 vero
1192 4789 1280 4848 modo
1296 4789 1324 4847 id
1345 4789 1516 4868 pierumque
1534 4789 1648 4862 feeerit,
1664 4809 1724 4847 non

127 4874 250 4951 sophum
277 4878 453 4950 conjunctio.
486 4876 586 4955 Neque
616 4889 710 4935 tamen
738 4897 789 4935 eos
811 4897 900 4936 unum
926 4845 931 4940 ί,
955 4879 1027 4937 satis
1044 4877 1160 4956 liquido
1171 4890 1301 4956 apparet.
1317 4876 1360 4934 De
1376 4877 1430 4934 hac
1443 4879 1522 4935 enim
1537 4895 1569 4934 re
1584 4896 1649 4953 quac
1661 4877 1725 4954 ipsc

159 586 202 644 De
220 584 347 643 Animal.
369 585 480 646 Histoi.
501 585 550 658 Vl,
568 607 613 658 ιο,
627 607 657 665 p.
674 608 738 658 ιια,
764 589 823 644 16:
849 588 917 738 ’θλ1
944 591 1080 669 idemque
1106 614 1180 671 opus
1206 595 1305 666 fuisse,
1335 597 1489 656 manifesto
1508 613 1538 658 et
1563 621 1599 659 ex
1627 604 1720 681 ipsius

956 5069 1003 5133 piro
1015 5082 1114 5132 sentem
1122 5071 1264 5132 wospectoa
1275 5072 1323 5130 est,
1339 5067 1381 5131 qni
1397 5067 1459 5116 duos
1470 5063 1543 5128 pedes
1556 5063 1656 5113 baberet
1669 5075 1722 5125 per·

325 5124 449 5175 ΕΜ*
467 5123 705 5176 msswsloffl·
954 5156 1356 5209 indeaccrooodiiosierrestris.»

161 5261 296 5313 aristoteles
312 5261 336 5312 in
352 5262 530 5316 Disiectiouum
543 5263 637 5330 Edogis
657 5263 738 5316 sonbit
754 5281 762 5312 ε
785 5283 797 5306 ο
812 5263 839 5312 la
857 5261 900 5313 Pa-
