4017 5984
184 435 242 495 ιοο
364 416 369 420 ’
431 406 434 408 ’
730 436 979 500 anisiumus
1000 438 1250 502 unctionum.

182 566 226 633 λος
245 566 298 625 τῶν
325 566 489 647 πραγμάτων
506 570 542 634 εἰς
560 566 674 647 τίτταρα
687 566 757 641 είδη·
769 568 798 628 ίν
824 568 872 644 μὲν
891 570 961 631 κατά
1018 570 1080 631 δταν
1094 570 1219 654 χρήματα
1234 570 1280 631 καί
1295 576 1455 653 στρατιῶται
1473 576 1565 635 πολλοὶ
1580 578 1792 658 συνηθροισμένοι

183 653 261 732 νόμον
271 654 345 721 τίλος
365 654 399 713 τδε
419 654 564 735 πράγματα
582 655 725 734 λαμάάνει,
751 657 813 716 δταν
835 657 959 739 ψήφισμα
1018 648 1079 721 ῶσι.
1102 661 1165 721 Τῶν
1179 660 1207 720 δί
1223 661 1261 737 μὴ
1277 660 1360 721 δντων
1374 663 1401 720 ίν
1418 662 1494 730 ἐνίοις
1508 660 1557 722 ὅσα
1570 666 1667 724 δυνατά
1686 670 1742 727 ἔστι
1753 691 1793 747 γε·

182 742 290 819 γίνηται
304 742 428 815 καύταῖθ
448 743 674 823 δνάμοςτελίσῃ·
688 746 758 805 κατὰ
775 745 853 826 φάσιν
865 746 893 805 δὲ
912 746 957 806 τά·
1015 746 1103 809 νίσθαι
1127 746 1312 822 ῆπσιηθῆναι·
1326 752 1353 809 ίν
1369 748 1398 809 δὲ
1418 752 1456 831 τῷ
1477 756 1570 811 παθεῖν
1584 750 1601 822 ἢ
1620 754 1729 825 ποιῆσαι
1741 752 1792 812 ὅσα

180 831 225 898 λος
238 832 272 890 τά
282 831 429 910 πράγματα
442 828 584 908 λαμάάνει,
593 830 611 902 ῆ
620 854 648 890 τε
657 832 746 912 ἡμίρα
759 832 804 892 καὶ
818 834 958 901 δίνιαυτδς
1016 836 1114 896 δυνατά
1127 836 1197 895 ἔστιν
1218 838 1332 917 άναιρεῖν
1350 834 1368 909 ῆ
1383 838 1563 918 διαιρεθῆναι.

180 917 226 976 καί
250 921 278 977 αἱ
300 910 377 999 ῶραι.
398 916 477 979 itaet
500 918 596 999 τίχνην
618 918 645 978 δὲ
669 920 743 989 τέλος
756 923 790 979 τά
812 922 957 1002 πράγματα
1055 924 1117 985 xil.
1137 925 1224 1003 Diog.
1249 924 1345 987 Laert.
1366 924 1423 997 lll,
1442 926 1481 1001 98
1497 948 1504 985 :
1520 928 1577 997 Τῆς
1595 926 1789 1007 φιλανθρωπίας

179 1005 322 1085 λαμδάνει,
338 996 392 1067 οἷον
402 1012 421 1079 ἡ
430 1007 598 1084 οἰκοδομική·
613 1007 698 1068 οὐαίαν
711 1008 764 1091 γάρ
774 1034 814 1077 τις
830 1012 957 1069 ίπιτελεῖ·
1016 1012 1088 1073 ἐστίν
1102 1013 1159 1087 εἴδη
1174 1012 1251 1095 τρία·
1272 1012 1300 1071 ἲν
1324 1012 1371 1091 μὲν
1382 1012 1425 1072 διδ
1439 1017 1487 1084 τῆς
1501 1013 1678 1095 προσηγορίας
1687 1017 1792 1097 γινόμε-

181 1092 258 1166 καύῆ
277 1094 445 1172 ναυπηγική·
463 1097 544 1155 πλοῖα
556 1096 622 1175 γάρ·
637 1095 707 1156 κατά
718 1097 801 1178 τάχην
816 1097 844 1158 δὲ
859 1099 958 1178 γίνεται
1014 1124 1067 1174 νον,
1082 1092 1135 1161 οἷον
1149 1103 1175 1159 ἐν
1190 1091 1227 1168 οἷς
1246 1122 1312 1168 τινες
1327 1100 1371 1159 τύν
1389 1100 1529 1180 ἐντυχόντα
1545 1100 1631 1160 πάντα
1657 1126 1790 1183 προσαχο·

181 1188 235 1247 τοῖς
253 1182 395 1262 πράγμασι
412 1184 567 1257 τίλος,δταν
585 1182 672 1251 άλλως
684 1184 731 1244 καί
745 1186 783 1262 μὴ
795 1188 959 1265 ὡςδπσλαμ-
1014 1190 1118 1273 ρεύουσι
1141 1190 1196 1271 ιιαίὑ
1209 1186 1257 1261 τῆν
1281 1188 1366 1259 δεξιάν
1391 1186 1565 1265 locellum<
1586 1190 1791 1271 χαιρετίζουσιν·

180 1266 254 1328 δάνει
267 1292 306 1336 τις
320 1268 463 1350 άποάαίνῃ.
481 1274 538 1332 Τοῦ
552 1269 641 1339 τίλαυς
657 1271 710 1352 άρα
722 1276 775 1333 τῶν
793 1275 958 1354 πραγμάτων
1015 1280 1080 1339 άλλο
1094 1270 1160 1348 εἶδος
1173 1276 1236 1337 ὅταν
1246 1301 1285 1346 τις
1297 1266 1481 1356 βοηθητικδςῇ
1496 1277 1576 1335 παντὶ
1590 1280 1628 1357 τῷ
1639 1280 1792 1359 ιίτυχούντι·

179 1356 210 1415 τὸ
232 1358 280 1433 μίν
300 1357 370 1417 κατά
389 1358 480 1435 νόμον,
496 1358 528 1419 τδ
552 1358 581 1417 δὲ
596 1359 667 1420 κατὰ
686 1359 776 1440 φάσιν,
794 1360 824 1420 τδ
839 1358 867 1420 δὲ
889 1360 958 1420 κατά
1014 1366 1104 1447 ἕτερον
1118 1357 1186 1433 εἶδός
1199 1366 1256 1425 ίατι
1270 1369 1318 1435 τῆς
1337 1362 1533 1446 φιλανθρωπίας
1552 1366 1579 1423 ἐν
1595 1356 1617 1446 ᾧ
1636 1388 1703 1434 τινες
1717 1371 1792 1450 φιλο-

179 1444 286 1533 τίχνην,
298 1445 329 1503 τδ
343 1445 370 1507 δί
382 1445 452 1506 κατά
461 1446 543 1527 πίχην
557 1448 638 1508 ἐστίν.
1014 1452 1161 1513 δειπνισταί
1181 1452 1241 1512 είσι.
1255 1454 1312 1524 Τῆς
1330 1450 1381 1533 άρα
1398 1451 1592 1533 φιλανθρωπίας
1616 1453 1647 1511 τδ
1662 1452 1709 1532 μίν
1734 1456 1791 1515 ἐστι

218 1533 295 1595 ΧΙΧ.
306 1534 391 1612 Diog.
406 1534 502 1596 Laeti.
513 1534 569 1611 lli,
583 1558 637 1616 97:
651 1535 688 1598 ‘fl
699 1535 808 1613 δύναμις
819 1539 958 1615 διαιρεῖται
1013 1543 1058 1603 διὰ
1069 1547 1114 1603 τοῦ
1126 1540 1342 1623 προσαγορεύειν,
1353 1540 1382 1601 τὸ
1397 1541 1424 1599 δὲ
1435 1540 1478 1599 διδ
1493 1546 1538 1600 τοῦ
1548 1543 1701 1620 εὐεργετεῖν,
1717 1540 1747 1601 d
1761 1541 1790 1602 tl

180 1624 216 1689 εῖς
228 1621 343 1704 τέτταρα
357 1622 427 1696 είδη·
443 1622 472 1683 δν
485 1622 559 1703 μδνδ
574 1624 707 1703 δυνάμεθα
720 1628 754 1705 τῆ
766 1624 867 1703 διανοίᾳ
885 1626 957 1705 λογί-
1013 1631 1057 1693 διά
1070 1635 1116 1689 τοῦ
1132 1632 1221 1689 term
1235 1628 1281 1687 καί
1295 1626 1540 1711 φιλοσυνουσιάζειν.

179 1714 268 1780 ζεσθαι
282 1709 328 1770 καί
339 1712 471 1771 θπονοιῖν·
480 1712 568 1794 ἕτερον
582 1710 611 1772 tl
621 1704 841 1797 τῷσώματηοίον
847 1711 957 1793 πορεύε·
1052 1718 1131 1780 XXI.
1146 1718 1232 1794 Πίος.
1253 1717 1351 1776 Lucrt.
1362 1719 1416 1791 111,
1428 1718 1467 1795 98
1481 1740 1489 1777 ι
1504 1715 1540 1777 Ἦ
1555 1716 1707 1795 εὐδαιμονία
1720 1718 1790 1777 διαι-

179 1802 240 1857 σθαι
258 1798 305 1859 καί
316 1798 416 1860 διδόναι
426 1799 473 1859 καί
483 1800 630 1877 λαμάάνειν
642 1802 689 1861 καί
695 1801 861 1862 τὰτοιαῦτα·
870 1799 957 1881 τρίτον
1014 1812 1097 1885 ρεῖται
1108 1807 1144 1872 είς
1151 1803 1228 1865 πάντα
1243 1802 1323 1884 μίρη·
1336 1808 1353 1876 ἡ
1365 1802 1413 1881 μὲν
1422 1804 1473 1886 γάρ
1481 1806 1561 1878 αὐτῆς
1572 1808 1641 1864 ίστιν
1653 1802 1788 1880 εὐθουλία,

178 1886 341 1964 θδυνάμεθα
362 1889 459 1961 πλήθει
473 1892 642 1971 στρατιωτῶν
661 1889 707 1949 καί
720 1889 878 1971 χρημάτων,
899 1888 957 1951 δθεν
1012 1892 1099 1973 ἕτερον
1116 1894 1138 1953 δ’
1153 1892 1307 1967 εὐαισθησία
1328 1891 1373 1951 καί
1392 1891 1476 1971 ὐγίεια
1491 1896 1538 1952 τοῦ
1555 1891 1687 1967 σώματος,
1702 1890 1788 1972 τρίτον
1820 1888 1824 1896 ’

178 1978 300 2036 καλεῖται
314 1976 417 2050 πολλὴν
431 1976 542 2056 δύναμιν
564 1974 635 2059 ἔχων
650 1978 787 2057 βασιλεάς·
800 1978 914 2058 τετάρτη
929 1976 957 2037 δί
1013 1980 1119 2061 εὐτυχία
1131 1982 1158 2039 ἐν
1180 1988 1238 2049 ταῖς
1250 1978 1370 2062 πράξεσι,
1391 1980 1515 2061 τέταρτον
1529 1978 1631 2049 εὐδοξία
1651 1979 1725 2060 παρά
1738 1989 1790 2047 τοῖς

177 2063 302 2147 διαίρεσις
316 2064 452 2144 δυνάμεως
463 2066 577 2147 πάσχειν
592 2066 638 2126 καί
651 2074 735 2127 ποιεῖν
749 2058 833 2127 εὐναί
853 2069 955 2134 κακῶς·
1013 2068 1169 2149 ἀνθρώποις,
1183 2070 1305 2147 πίμπτον
1326 2069 1436 2147 εὐπορία
1446 2069 1596 2181 χρημάτων
1620 2067 1666 2128 καί
1684 2072 1736 2128 τῶν
1753 2072 1789 2137 εἰς

177 2140 230 2210 οἷον
246 2154 390 2232 ἀρρωστεῖν
410 2151 456 2212 καί
480 2152 652 2213 παιδεύεσθαι
665 2153 798 2229 δυνάμεθα
817 2153 863 2212 καί
876 2156 955 2231 θγιεῖς
1011 2154 1056 2215 τδν
1075 2156 1131 2236 βίον
1148 2156 1299 2237 χρησίμων.
1313 2154 1348 2216 Ἦ
1371 2156 1419 2228 μίν
1432 2178 1476 2215 ουν
1495 2155 1619 2216 εὐύουλία
1639 2156 1739 2236 γίνεται
1757 2160 1789 2215 διε

176 2238 293 2315 γίνεσθαι
303 2239 350 2297 καὶ
363 2239 451 2299 πάντα
463 2240 497 2300 τδι
515 2246 638 2302 τοιαῦτα.
653 2242 711 2312 Τῆς
725 2240 777 2320 άρα
791 2241 953 2318 δυνάμεωςῆ
1011 2243 1131 2311 παιδείας
1145 2244 1191 2303 καί
1205 2248 1235 2303 διε
1253 2248 1300 2303 τοῦ
1314 2244 1419 2303 πολλῶν
1435 2242 1559 2325 ἔμπειρον
1582 2243 1714 2322 γενέσθαι·
1731 2247 1747 2315 ἡ
1763 2245 1786 2301 θ’

178 2326 226 2401 ρίν
238 2324 461 2406 δστινίνδιανοίρ,
471 2324 518 2397 ἡδ’
527 2328 555 2386 δν
563 2328 602 2407 τῷ
615 2326 753 2404 σῶματηὴ
763 2326 819 2384 δ’ίν
830 2327 869 2404 τῶ
877 2347 956 2405 στρα-

176 2412 280 2493 τοπίδῳ
295 2412 341 2472 καί
354 2415 501 2494 χρήμασιν,
513 2417 532 2485 ἡ
542 2413 567 2473 δ’
582 2416 609 2473 δν
620 2417 659 2493 τῷ
671 2417 756 2473 ποιεῖν
768 2412 814 2472 καί
828 2412 952 2494 πάσχειν.

218 2500 294 2561 cod.
309 2499 398 2559 Marc.
415 2501 452 2559 33
469 2522 476 2558 :
494 2503 671 2580 Διαιρεῖταιῆ
696 2499 806 2578 δύναμις
816 2501 853 2567 είς
865 2500 955 2561 πέντε·

179 2586 235 2645 lm
251 2584 304 2667 γάρ
325 2589 407 2658 αὐτῆς
422 2585 449 2645 δν
465 2586 514 2664 μίν
531 2590 558 2647 δν
572 2590 657 2669 ψυχῇ,
671 2586 698 2645 ἓν
711 2586 739 2647 δί
754 2588 780 2646 ἰν
794 2586 912 2667 σώματι,
927 2586 954 2647 θν

178 2672 207 2734 el
218 2677 245 2734 ίν
260 2682 318 2742 ταῖς
331 2674 467 2756 πράξεσιν,
478 2673 506 2735 δν
522 2674 549 2735 δί
567 2674 682 2743 ὐνίνίοις
696 2678 748 2735 τῶν
763 2674 802 2751 μὴ
818 2675 915 2747 ὄντων,
926 2674 954 2734 δν

178 2761 243 2821 dliv
261 2766 300 2845 τῷ
313 2768 406 2823 παθεῖν
419 2764 438 2835 ἢ
452 2767 572 2834 ποιῆσαι.
586 2762 636 2824 Ἐν
651 2765 725 2843 ψυχῇ
740 2762 788 2839 μδν
798 2761 955 2840 θμανθάνο-

179 2872 228 2927 μεν
243 2851 289 2911 καί
315 2851 499 2929 διανοοίμεθα,
518 2854 546 2911 ίν
558 2850 665 2930 σάματι
682 2853 710 2912 δδ
727 2842 780 2912 οἷον
794 2851 825 2912 σί
835 2875 863 2911 τε
877 2852 954 2924 κινή-

178 2961 232 3006 σεις
243 2937 290 2998 καί
307 2942 337 2997 αἱ
350 2938 431 2999 άλλαι
445 2938 567 3015 δυνάμεις
580 2944 640 2999 καθ’
655 2938 686 3006 δς
701 2941 824 3019 πράττειν
839 2964 865 2998 τι
876 2942 903 3000 ὐν
917 2942 956 3019 τῷ

145 3081 148 3085 .
177 3024 282 3105 σάματι
302 3026 444 3105 δυνάμεθα,
462 3029 490 3085 ἐν
504 3025 532 3085 δί
551 3033 608 3094 ταῖς
621 3026 747 3107 πράξεσιν
758 3016 811 3087 οἷον
826 3029 855 3086 αί
871 3047 955 3106 στρα·

176 3115 299 3175 τιωτικαλ
310 3113 445 3192 δυνάμεις·
455 3113 560 3192 λέγεται
570 3111 622 3192 γάρ
634 3115 752 3194 μεγάλην
761 3113 832 3193 ἔχειν
843 3114 953 3191 δύναμιν

177 3321 241 3385 quad
256 3322 308 3383 lage
321 3320 431 3371 timetur
446 3322 473 3371 et
490 3319 619 3383 impletum
636 3322 679 3370 ant
695 3319 828 3371 secundnm
845 3322 956 3370 naturam

177 3408 233 3459 llnls
249 3406 320 3459 τοίνυν
334 3406 441 3468 modu,
460 3409 490 3458 ut
507 3406 559 3458 dies
575 3410 600 3457 et
618 3419 697 3458 annm
717 3409 742 3458 et
756 3407 813 3457 anni
832 3409 955 3471 ieiunum

177 3499 220 3547 aut
235 3496 368 3547 εοεεαύαευ
380 3497 457 3546 erlem
469 3494 524 3545 θεῖε
537 3494 572 3545 rel
586 3496 727 3559 imponitur,
744 3497 771 3545 ut
783 3495 829 3545 arti
840 3494 957 3545 aedifican-

176 3587 263 3637 derum
276 3584 407 3648 domonm;
415 3584 504 3635 etenim
515 3582 615 3633 domum
622 3582 715 3647 perlici
727 3583 796 3647 ηυῖες
805 3583 831 3633 ct
839 3582 885 3633 arti
895 3581 956 3634 cdl.-

178 3673 326 3724 timndainm
350 3671 463 3735 navinm;
479 3683 554 3721 naves
579 3670 644 3722 enlm
666 3669 768 3734 omicit.
792 3671 840 3721 Ant
859 3668 958 3720 loutuito

178 3760 234 3811 finis
254 3760 382 3823 contingit,
395 3761 423 3810 ut
436 3772 512 3822 qnnm
528 3771 599 3809 εοεαε
617 3770 646 3809 uc
661 3756 806 3822 putabamus
822 3770 853 3809 ac
867 3759 956 3823 prester

177 3848 314 3913 oninium
324 3846 414 3911 aliquid
428 3847 521 3898 accidit.
536 3848 585 3898 Aut
600 3844 674 3911 igitur
689 3846 810 3911 legitimus
821 3849 859 3897 eat
875 3858 956 3897 rerum

176 3936 245 3999 inis,
261 3934 442 3996 aotnatauelic,
459 3937 501 3985 cut
513 3938 565 3986 arte
575 3936 682 3997 conant,
698 3936 741 3985 aut
751 3934 854 3986 lurtum„

208 4026 273 4074 xlx.
295 4022 429 4074 Potentiam
450 4024 564 4087 qnattnur
584 4022 609 4072 ln
631 4022 725 4086 εροάεε
743 4020 831 4072 dividit
853 4041 860 4071 ε
882 4034 956 4072 onam

178 4112 267 4176 quippe
281 4122 336 4163 οεεσ
347 4122 395 4173 qna
407 4110 512 4173 codun
526 4108 606 4159 enimc
617 4111 643 4160 et
653 4109 746 4173 colneai
764 4122 908 4173 ροεεαεοαες
920 4110 955 4158 sl·

177 4205 254 4251 teram
268 4212 316 4262 qua
327 4210 427 4261 οοτροτο
441 4197 567 4259 sclunus,
578 4198 606 4247 ut
618 4198 738 4262 ρτσθεῖεοῖ
750 4198 776 4249 ct
785 4197 845 4248 dare
856 4198 882 4249 ct
891 4196 955 4247 ccci·

177 4284 612 4352 oemetoeteraidqcnns3tertiam
629 4299 677 4350 qua
692 4287 730 4337 vel
749 4284 954 4338 moldtudlnaml·

178 4375 248 4426 litum
266 4374 304 4425 vel
324 4375 480 4439 pecuniarum
499 4373 569 4438 οορΙο
583 4376 692 4439 potantes
710 4373 833 4426 (licinumt
854 4373 919 4425 unde
931 4375 956 4424 ct

177 4467 277 4516 multam
291 4464 424 4528 putcntiam
438 4463 528 4515 babere
544 4464 632 4516 dicitnr
647 4478 705 4528 τοις
718 4468 828 4529 quartam
842 4464 956 4529 mimus

177 4552 368 4604 distributionem
387 4564 434 4616 qnu
454 4552 533 4604 laneae
555 4565 585 4604 ac
600 4552 649 4617 nati
668 4553 730 4605 bene
746 4566 776 4604 ac
791 4553 854 4604 male
872 4564 956 4616 cosso

178 4654 251 4692 mus:
270 4652 326 4691 nam
348 4642 373 4691 et
387 4638 502 4689 lntlmuri
516 4652 645 4703 possumne
662 4644 686 4691 et
697 4640 787 4692 condiri
804 4643 830 4691 et
844 4640 955 4691 convale-

1011 2330 1165 2403 εὐαισθησία
1190 2332 1221 2389 ἐκ
1239 2336 1293 2390 τῶν
1304 2334 1351 2390 τοῦ
1373 2330 1494 2407 σώματος
1508 2332 1611 2413 μερῶν·
1624 2320 1677 2389 οἷον
1689 2330 1735 2388 δάν
1750 2352 1787 2397 τις

1010 2425 1064 2486 ταῖς
1078 2420 1221 2497 ὀφθαλμοῖς
1240 2420 1289 2498 δρᾷ
1306 2415 1352 2476 καί
1372 2426 1424 2485 τοῖς
1441 2418 1505 2477 ὠσίν
1528 2417 1611 2497 άκσιίῃ
1627 2416 1672 2475 καί
1687 2422 1719 2489 τῆ
1734 2416 1785 2497 ῥινί

1011 2496 1058 2558 καί
1071 2501 1110 2578 τῷ
1124 2498 1236 2577 στόματι
1246 2496 1403 2569 αἰσθάνηται
1414 2488 1451 2555 ῶν
1465 2498 1504 2555 δεῖ
1518 2484 1744 2556 αίαθάνεσθαι·’τδ
1755 2496 1786 2568 δὴ

1011 2590 1127 2646 τοιοῦτον
1145 2582 1315 2657 εὐαισθησία·
1330 2588 1348 2655 ἡ
1362 2582 1384 2641 δ’
1393 2582 1511 2664 εὐτυχία,
1528 2583 1590 2645 ὅταν
1604 2586 1646 2664 ἐφ’
1660 2583 1678 2643 θ
1694 2594 1787 2646 σκοπεῖ

1014 2670 1101 2753 πράξῃ
1116 2674 1175 2732 κατ’
1185 2670 1295 2752 δρθδνδ
1315 2672 1354 2730 διῖ
1366 2672 1490 2751 πράττειν
1505 2671 1549 2731 τδν
1564 2672 1720 2733 σπουδαῖον·
1739 2672 1785 2730 εὐ-

1011 2758 1082 2829 δοξία
1097 2762 1119 2819 δ’
1129 2760 1200 2819 lctis
1209 2758 1271 2818 δταν
1285 2782 1323 2825 τις
1336 2750 1365 2819 εὐ
1376 2760 1468 2840 άκούη·
1485 2759 1591 2842 εὐπορία
1603 2760 1627 2819 δ’
1641 2760 1710 2819 δστὶν
1725 2760 1787 2819 ὅταν

1010 2874 1049 2916 τις
1064 2850 1129 2931 πρὸς
1142 2848 1190 2917 τάς
1211 2851 1239 2909 ἒν
1255 2852 1292 2929 τῷ
1312 2848 1363 2931 βίερ
1378 2849 1484 2930 πράξεις
1497 2849 1579 2917 οὕτως
1596 2848 1646 2930 ίχῃ
1659 2848 1727 2909 ῶστε
1741 2850 1787 2909 καί

1011 2940 1100 3020 φίλους
1117 2929 1146 2999 εὐ
1170 2939 1342 3012 ποιῆσαικαὶ
1361 2939 1504 3020 φιλοτίμοις
1525 2941 1571 2999 καί
1589 2939 1653 2999 :ind
1669 2964 1704 3007 ως
1720 2942 1787 3001 άπε-

1010 3027 1203 3108 λειτουργῆσαι.
1216 3016 1253 3111 *Q
1269 3023 1294 3083 δ’
1304 3025 1417 3107 ὑπάρχει
1426 3030 1510 3085 ταῦτα
1522 3025 1621 3101 πάντα,
1633 2961 1705 3091 οίτάς
1716 3028 1786 3085 ἔστιν

1010 3116 1141 3191 εὐδαίμων
1157 3114 1262 3181 τελίως.
1279 3113 1335 3186 Τῆς
1359 3113 1410 3194 άρα
1431 3114 1596 3191 εὐδαιμονίας
1609 3112 1665 3171 ἔστι
1686 3111 1716 3170 τδ
1737 3112 1786 3189 μὲν

1010 3334 1111 3385 corpore
1126 3321 1199 3372 veluti
1216 3322 1296 3371 motus
1310 3322 1443 3383 ceteroque
1459 3319 1582 3370 facultates
1598 3319 1685 3384 quibus
1697 3320 1786 3383 aliquid

1009 3421 1108 3473 corpore
1124 3409 1203 3460 lacere
1216 3419 1358 3473 ρονειιιιιυνς
1377 3406 1402 3457 ἰα
1413 3406 1547 3457 actionibus
1558 3406 1634 3471 copto
1644 3407 1763 3474 ,militares
1777 3426 1783 3457 ε

1010 3496 1098 3547 babere
1115 3495 1179 3546 enlm
1197 3495 1299 3545 dicimur
1314 3506 1424 3558 magnam
1439 3495 1569 3558 polentiam
1586 3508 1661 3559 quum
1678 3496 1786 3559 omnuim

1009 3588 1092 3639 multn
1103 3589 1128 3638 ct
1138 3585 1301 3637 multimilltea
1311 3585 1419 3635 inunum
1430 3585 1504 3636 coacti
1515 3586 1580 3637 sunt.
1593 3588 1681 3637 liccnm
1691 3598 1748 3650 quae
1761 3586 1786 3635 ln

1011 3672 1155 3737 quibusdum
1166 3686 1215 3725 non
1232 3674 1289 3723 sunt
1302 3685 1451 3737 quaecuuque
1462 3672 1513 3723 slve
1529 3673 1580 3723 lieri
1595 3673 1648 3725 slve.
1658 3674 1721 3723 lectu
1732 3686 1787 3724 esce

1010 3764 1121 3825 possunt,
1130 3760 1155 3813 ln
1165 3760 1277 3825 potiendo
1286 3774 1344 3811 vero
1354 3760 1392 3810 vel
1400 3760 1519 3823 liniendo,
1525 3760 1577 3811 slve
1583 3761 1668 3811 tollere
1676 3760 1728 3811 sive
1735 3760 1786 3811 tolli

1010 3862 1090 3913 posse.

1041 3940 1095 3989 xx.
1117 3937 1294 3989 {inmanitatem
1308 3937 1427 4001 triplicem
1443 3936 1534 3987 inducit
1554 3935 1700 4000 :quandam
1721 3935 1785 3985 enlm

1010 4026 1190 4091 compellatione
1205 4024 1271 4086 lieri,
1287 4026 1314 4075 ut
1326 4038 1401 4087 quum
1417 4024 1478 4075 torte
1493 4022 1592 4074 obvium
1603 4034 1723 4085 quemque
1737 4020 1783 4070 hu·

1008 4114 1110 4164 msniter
1132 4112 1259 4177 compellet
1280 4112 1437 4175 porrectaque
1463 4109 1548 4160 dextra
1568 4107 1661 4159 salvem
1687 4106 1784 4168 jubeam

1008 4200 1081 4257 ellum
1095 4214 1148 4251 esse
1166 4200 1218 4263 eius
1232 4198 1352 4263 εροαίειιι,
1369 4210 1444 4263 quum
1460 4198 1516 4263 quis
1534 4194 1622 4245 nllllctc
1640 4193 1726 4257 cuique
1739 4192 1785 4241 lert

1008 4301 1093 4353 υρεειις
1107 4287 1204 4339 tendum
1215 4286 1267 4349 eius
1277 4300 1369 4351 genus,
1379 4300 1428 4351 quo
1444 4284 1541 4349 quidum
1558 4282 1589 4332 ad
1603 4278 1713 4332 conuicia
1724 4278 1784 4329 ullos

1008 4377 1197 4429 communiant.
1218 4376 1267 4426 tut
1280 4375 1353 4440 igitur
1365 4372 1513 4427 salutationis
1524 4368 1618 4430 cilicio,
1634 4369 1678 4418 act
1695 4378 1742 4431 cpe
1760 4368 1785 4417 ct

1009 4464 1112 4527 auxilio,
1128 4466 1172 4515 aut
1183 4463 1294 4515 convivio
1310 4462 1474 4527 frequentique
1491 4468 1620 4521 cungrcssu
1631 4456 1726 4507 constat
1736 4454 1784 4504 bu·

1009 4555 1120 4605 manitas.
1728 4580 1731 4587 ·

1039 4644 1106 4693 xxi.
1125 4640 1269 4693 Felicitatem
1291 4640 1316 4691 in
1336 4640 1442 4703 quinque
1456 4638 1535 4701 partes
1551 4632 1637 4683 ‹lividit
1658 4632 1758 4697 :prima

179 4742 249 4781 smne
258 4731 284 4780 et
297 4726 436 4790 huiusmodi
448 4728 537 4778 omnic.
551 4728 631 4779 Prima
643 4727 723 4792 itaque
739 4728 853 4793 potentiue
864 4728 956 4792 ερεείοε
1008 4730 1060 4791 ejus
1079 4730 1171 4794 partem
1187 4740 1242 4780 esse
1257 4728 1318 4779 bene
1328 4725 1471 4789 σοαεαΙοιος
1491 4720 1621 4773 secundam
1639 4720 1748 4771 sensibus
1760 4722 1785 4771 ct

178 4816 272 4866 (Mili
288 4814 385 4877 animo,
406 4814 512 4865 ”illidit
532 4826 648 4878 ωψῠῐθ,
670 4816 741 4866 ltili&
760 4814 868 4866 ilerdlu
883 4816 957 4879 atque
1010 4816 1073 4869 bonu
1091 4816 1227 4869 vulctuellnc
1239 4814 1346 4880 corporis
1358 4814 1452 4878 τίγριος
1470 4810 1565 4862 tertiam
1577 4809 1601 4859 ln
1615 4808 1687 4859 rebus
1699 4802 1789 4872 gemo?

180 4902 301 4965 oemniis,
315 4904 401 4967 quanta
416 4902 443 4952 ln
456 4900 563 4952 iaciendo
574 4904 599 4953 ct
610 4902 731 4967 potiendo.
1008 4901 1047 4953 dis
1062 4900 1209 4953 lortnuatnm
1222 4912 1291 4963 οεεες
1309 4902 1419 4964 queniam
1438 4896 1513 4963 qlorlo
1530 4900 1554 4947 et
1571 4895 1711 4947 euciodtste
1721 4896 1785 4961 opud

212 4996 252 5042 tt.
269 4989 378 5041 Potcntla
390 4989 416 5040 ln
436 4988 542 5053 quinque
557 4989 673 5041 dividitur
691 4991 783 5054 succiet
802 5009 808 5040 :
825 5003 873 5041 uns
892 4990 957 5041 enlm
1010 4990 1118 5041 homines
1130 4989 1261 5050 ενοεΙΙεεες
1277 4988 1384 5052 quintam
1403 4985 1510 5050 pecuniis
1521 4984 1642 5049 rebusque
1655 4984 1741 5035 cctcris
1753 4984 1784 5034 ad

180 5080 218 5129 cst
233 5077 259 5127 in
274 5078 372 5140 animo,
387 5076 434 5128 alia
450 5077 474 5127 in
486 5090 600 5141 οοτροεε,
614 5077 662 5128 alia
677 5078 702 5128 ln
713 5076 860 5140 actionibus,
872 5078 918 5128 alia
929 5078 957 5128 in
1009 5090 1093 5129 omnes
1111 5088 1170 5128 usus
1185 5075 1242 5127 vito
1254 5074 1361 5125 nllluerc.
1378 5075 1466 5125 Sanum
1475 5071 1674 5123 consultationem
1684 5085 1714 5121 ex
1730 5084 1784 5122 eru·

181 5164 325 5230 quibusdam
339 5178 423 5215 eornm
437 5178 493 5229 qum
506 5178 554 5215 non
566 5166 636 5229 eunt,
652 5164 699 5215 alia
711 5165 737 5215 in
749 5164 909 5229 patiendcvcl
923 5165 957 5215 ia·
1009 5161 1099 5239 ditione
1118 5162 1296 5225 multarumque
1311 5171 1392 5211 rernm
1410 5160 1496 5225 peritia
1510 5163 1535 5211 et
1550 5160 1714 5225 experimento
1729 5171 1785 5210 cun·

181 5248 276 5303 ciendo.
297 5253 325 5301 ln
343 5252 424 5303 animo
441 5254 498 5303 sunt
519 5263 576 5317 qun
590 5251 707 5303 discimus
726 5255 752 5303 et
768 5253 915 5315 molamus,
931 5252 956 5301 in
1010 5248 1116 5315 θαςεεος
1129 5260 1244 5301 munitum
1255 5247 1415 5313 istumistun
1432 5262 1464 5299 ex
1478 5250 1585 5313 corporis
1597 5248 1712 5300 membris
1725 5245 1785 5298 cccl·
