4017 5984
693 463 933 526 RESPUBLICA
953 465 1252 530 ATHENIENSIUM.

184 597 281 670 τέλης
291 597 313 656 δ’
329 599 355 655 έν
371 595 512 680 Ἀθηναίων
526 595 652 676 Πολιτεία
666 593 773 656 Ἄνυτόν
792 621 858 679 ρησι
871 621 954 656 κατα·

185 683 264 754 δεῖξαι
278 686 308 745 τδ
319 685 435 755 δεκάζειν
447 684 480 742 τά
498 683 663 762 δικαστήρια.

224 772 270 834 cf.
286 772 357 834 tex,
371 773 489 850 Seguer.
509 792 538 850 p.
555 772 624 844 αδδ,
641 771 659 828 6
676 771 760 830 eett.
779 793 785 828 :
806 773 913 850 Πρῶτος
932 771 955 832 δ’

183 858 266 922 ἐδόκει
278 860 388 920 δικάσαι
403 861 523 930 Μέλητος
537 860 629 933 (maie
642 877 696 937 pro
709 857 832 939 Ἀνυτος)
845 858 893 926 τάς
909 862 954 919 εθ-

184 947 260 1014 meae
279 947 364 1015 διδοὺς
378 953 424 1020 τῆς
445 947 472 1006 έν
488 945 569 1026 Πόλῳ
592 946 753 1026 στρατηγίας
772 947 804 1018 ἣν
822 950 910 1014 κακῶς
928 949 956 1005 έ-

184 1034 375 1116 στριτόγησεν.
393 1035 488 1112 Εεγιιι.
506 1035 545 1094 Μ.
561 1055 592 1112 p.
608 1035 681 1105 οὔθ,
696 1037 745 1094 3ι.

443 1173 447 1180 ’
481 1163 514 1218 3¹
540 1160 643 1240 (too).

224 1295 470 1376 Harpocrations.
485 1315 515 1354 ν.
525 1293 788 1374 Τετρακόσιοι....
804 1295 841 1353 Oi
856 1314 954 1370 τετρα-

183 1383 267 1444 κόσιοι
277 1382 484 1464 epitathium
500 1381 666 1454 κατέστησαν
683 1378 891 1460 cusentinorum
905 1403 953 1438 τυ-

184 1473 282 1552 ράννων
300 1475 363 1549 παρ’
381 1471 540 1542 Ἀθηναίοις,
558 1469 652 1534 οἵτινες
665 1469 793 1546 τέτταρας
808 1471 893 1544 μῆνας
904 1458 954 1547 ἦρ-

183 1561 229 1630 ξαν
243 1566 290 1632 τῆς
303 1560 416 1631 πόλεως,
430 1556 464 1626 tte
480 1580 558 1638 φησιν
573 1555 808 1634 Ἀριστοτέλης
834 1557 860 1613 έν
876 1554 953 1626 Ἀθη-

180 1649 260 1708 ναίων
275 1649 412 1726 Πολιτεία.
640 1657 643 1662 ’
929 1665 933 1672 ·

222 1737 328 1796 Eadem
337 1735 443 1795 Suidas
455 1747 484 1792 et
493 1733 618 1794 Photius'
625 1776 633 1806 ,
648 1733 757 1793 omisso
767 1744 862 1792 tamen
874 1732 954 1790 Aria·

181 1824 276 1884 toteiis
288 1823 417 1882 nomine.

493 1948 528 2004 ιι
549 1945 641 2026 μοι).

219 2075 317 2136 Sehol.
338 2074 524 2152 Aristophan.
539 2072 623 2151 Vesp.
646 2073 698 2144 157
722 2091 729 2130 :
751 2071 948 2150 Δρακοντίδηςι

181 2165 297 2243 Πονηρὸς
307 2155 381 2230 οὗτος
401 2163 447 2221 καὶ
462 2161 596 2228 πλείσταις
611 2160 765 2226 καταδίκαις
786 2159 948 2238 ἀνεχόμενος,

179 2255 213 2318 ὣς
232 2253 345 2312 Πλάτων
369 2253 520 2332 Σοριστοιῖς.
551 2249 749 2325 Καλλίστρατος
772 2245 799 2305 δέ
829 2245 876 2305 ένα
899 2249 951 2304 τῶν

178 2336 317 2418 τριάκοντά
326 2361 416 2420 φησιν,
432 2340 455 2397 si
467 2336 504 2414 μὴ
516 2335 661 2414 ὁμώνυμος·
672 2334 728 2394 έστι
740 2333 791 2414 γδρ
806 2325 879 2399 οὗτος
893 2339 907 2394 θ
922 2333 952 2390 τὸ

180 2427 240 2506 περὶ
253 2432 305 2486 τῶν
312 2426 452 2507 τριάκοντα
462 2427 587 2507 ψήφισμα
595 2421 657 2502 περὶ
671 2421 824 2503 ὀλιγαρχίας
836 2421 950 2503 γράψας,

179 2519 213 2582 tire
231 2513 467 2594 Ἀριστοτέλης
479 2517 506 2575 έν
525 2512 686 2580 Πολιτείαις.

219 2602 264 2660 Ci.
286 2602 388 2680 Lysias
410 2615 510 2661 eontra
532 2601 716 2677 Eratosths
742 2601 792 2672 73,
814 2596 948 2676 Xenoph.

181 2691 256 2751 hell.
274 2693 313 2762 ΙΙ,
331 2692 361 2762 3,
376 2711 404 2749 a.

477 2827 513 2884 aa
536 2823 636 2903 (toa).

218 2953 323 3014 Pollux
336 2954 442 3014 Ouum.
459 2951 536 3026 Viil,
554 2953 646 3023 85⁸87
666 2969 673 3011 :
694 2948 840 3030 Ἀρχόντων
855 2947 884 3008 δέ
899 2949 951 3006 τῶν

179 3039 315 3111 Ἀθήνησιν
324 3039 442 3114 ὀνόματα
453 3042 477 3099 οἱ
493 3040 587 3100 ἐννέα
604 3039 771 3118 ἄρχοντες.
788 3035 849 3096 Eiet
863 3033 891 3094 δέ
906 3035 951 3114 ἀρ·

178 3152 252 3208 χων,
279 3125 414 3207 βασιλεύς,
439 3127 607 3206 πολέμαρχος
627 3124 673 3184 καλ
690 3121 844 3201 θεσμοθέται
864 3120 900 3189 ii·
915 3122 945 3180 έκ

178 3216 277 3276 τούτων
303 3216 355 3296 γάρ
373 3221 398 3275 οἱ
421 3219 494 3276 έννέα
517 3218 740 3294 συμπληροῦνται.
761 3211 898 3272 Ἐκαλεῖτο
919 3207 947 3268 δέ

177 3328 216 3372 τις
231 3307 391 3381 θεσμοθετῶν
411 3302 562 3382 ἀνάκρισις,
578 3303 602 3360 εί
621 3298 752 3372 Ἀθηναῖοί
770 3301 836 3358 εἰσιν
854 3293 948 3356 ἑκατέ-

178 3397 257 3471 ρωθεν
271 3395 301 3452 έκ
311 3390 439 3471 τριγονίας
451 3389 497 3448 καὶ
510 3389 554 3450 τὸν
570 3390 653 3466 δῆμον
667 3386 744 3446 πόθεν
757 3385 803 3445 καλ
817 3387 839 3444 εί
851 3383 949 3444 Ἀπόλ-

177 3503 228 3538 των
241 3477 312 3538 ἔστιν
327 3481 413 3544 αὐτοῖς
425 3481 545 3558 πατρῷος
558 3475 604 3535 καί
612 3475 676 3542 Ζεθς
691 3473 788 3555 ἕρκειος
797 3471 843 3532 καί
856 3473 878 3530 ti
889 3469 948 3535 τοὺς

1721 477 1781 536 233

1010 599 1102 679 γονέας
1115 592 1145 659 εδ
1158 607 1261 661 ποιοῦσι
1276 600 1321 659 καί
1340 604 1363 661 si
1382 604 1568 683 έστράτευνται
1585 607 1651 686 ὑπέρ
1670 611 1716 679 τῆς
1729 632 1782 667 πα-

1010 685 1096 766 τρίδος
1109 688 1156 747 καλ
1170 693 1193 750 εί
1206 689 1236 748 τδ
1248 690 1354 765 τίμημα
1365 690 1435 749 έστιν
1449 692 1547 758 αὐτοῖς.
1563 691 1708 772 Ἐπηρόιτα
1723 697 1747 755 δ’
1762 701 1779 767 ἡ

1011 777 1109 855 βουλή,
1126 777 1229 852 ὤμνυον
1243 779 1266 836 δ’
1282 770 1352 838 οὗτοι
1366 778 1432 858 πρὸς
1444 802 1477 858 τη
1502 781 1628 862 βασιλείῳ
1642 793 1718 866 στοᾷ,
1735 787 1781 845 ἐπὶ

1009 871 1055 924 τοῦ
1067 865 1140 924 λίθου
1153 857 1230 947 riqis}
1243 865 1277 926 τδι
1290 874 1414 944 ταμιεῖα,
1427 868 1602 946 συμφυλάξειν
1616 871 1676 938 τοθς
1689 872 1782 948 νόμους

1009 953 1054 1010 καὶ
1068 951 1106 1028 μὴ
1122 951 1320 1033 δωροδοκήσειν,
1334 951 1352 1024 ἢ
1366 960 1478 1034 χρυσοῦν
1490 956 1633 1036 ἀνδριάντα
1646 960 1780 1020 ἀποτῖσαι.

1009 1029 1077 1100 Εἶτα
1087 1041 1201 1099 έντεῦθεν
1212 1042 1250 1106 εἷς
1261 1041 1403 1120 ἀκρόπολιν
1415 1042 1563 1109 ἀνελθόντες
1572 1043 1674 1121 ὤμνυον
1686 1047 1780 1107 ταύτά.

1011 1126 1131 1208 Μυρρίνη
1154 1127 1179 1187 δ’
1205 1129 1398 1206 έοτιρόνωντο,
1425 1129 1471 1186 καῖ
1496 1135 1571 1212 κοινῇ
1599 1131 1648 1208 μέν
1675 1132 1780 1213 έχουσιν

1009 1216 1125 1284 έξουσίαν
1139 1217 1252 1277 θανάτου
1274 1216 1319 1275 έάν
1333 1239 1372 1283 τις
1389 1217 1469 1295 κατίῃ
1484 1218 1542 1278 ὅποι
1558 1221 1596 1298 μὴ
1621 1221 1720 1301 ἔξεστι,
1735 1224 1781 1283 καὶ

1009 1307 1119 1385 κληροῦν
1144 1304 1283 1377 δικαστάς,
1309 1305 1355 1363 καὶ
1381 1305 1520 1371 ἀθλοθέτας
1541 1307 1587 1367 ἵνα
1605 1307 1674 1366 κατὰ
1694 1309 1778 1388 φυλὴν

1009 1393 1124 1466 ἑκάστην
1139 1394 1185 1453 καί
1198 1392 1362 1470 στρατηγοδς
1373 1397 1530 1472 χειροτονεῖν
1541 1393 1568 1462 ἐξ
1584 1397 1717 1466 ἀπάντων,
1734 1398 1780 1457 καί

1008 1479 1067 1539 καθ’
1081 1480 1195 1554 ἑκάστην
1220 1480 1377 1561 πρυτανείαν
1400 1484 1534 1560 ἐπερωτᾶν
1560 1485 1583 1541 τί
1602 1483 1673 1542 δοκεῖ
1693 1487 1780 1552 καλῶς

1009 1567 1099 1647 ἀρχειν
1113 1567 1238 1645 έκαστος,
1250 1567 1295 1627 τὸν
1311 1569 1341 1626 δ’.
1353 1569 1619 1648 ἀποχειροτονηθέντα
1639 1571 1781 1651 κρίνουσιν,

1007 1654 1053 1714 καὶ
1077 1657 1226 1735 ἱππάρχους
1238 1655 1284 1715 δύο
1299 1656 1347 1714 καλ
1362 1655 1509 1736 φυλάρχους
1522 1657 1586 1716 δέκα
1605 1659 1651 1716 καί
1664 1657 1779 1738 ταξιάρ-

1008 1765 1071 1823 χους
1086 1743 1160 1805 δέκα.
1179 1745 1232 1803 Καὶ
1246 1747 1320 1822 κοινῇ
1337 1742 1386 1819 μέν
1399 1748 1496 1803 ταῦτα.

1048 1831 1117 1889 ileo
1128 1830 1243 1905 omnia,
1257 1843 1288 1887 ut
1311 1831 1402 1888 multa
1416 1844 1554 1907 praeterea
1572 1829 1650 1910 apud
1673 1832 1780 1891 Peliu-

1009 1938 1091 1991 ceut,
1108 1918 1139 1976 in
1164 1930 1268 1974 octavo
1287 1916 1398 1975 scilicet
1420 1916 1599 1976 Onomastiei
1624 1918 1717 1994 libro,
1744 1941 1779 1979 ex

1008 2006 1175 2065 Aristotelis
1208 2003 1368 2084 Repubiica
1390 2004 1610 2065 Atheniensium
1642 2010 1734 2085 petita
1752 2024 1779 2067 et

1008 2095 1040 2154 in
1069 2094 1189 2153 brevius
1218 2105 1364 2151 contracta
1400 2112 1463 2152 esse
1492 2093 1666 2171 jamdudum
1694 2096 1779 2155 vide-

1008 2195 1077 2241 runt
1090 2180 1150 2240 viri
1172 2180 1263 2251 docti,
1290 2192 1377 2256 atque
1398 2181 1551 2239 manifesto
1573 2180 1703 2258 probant
1716 2204 1779 2260 quae

1005 2267 1067 2346 jam
1109 2279 1268 2346 sequentur
1302 2267 1461 2343 fragmenta
1488 2267 1526 2326 de
1559 2268 1779 2344 magistratuum

1009 2355 1087 2434 apud
1109 2355 1298 2414 Athenienses
1314 2355 1502 2427 muneribus,
1526 2357 1689 2433 praesertim
1709 2375 1780 2415 vero

1007 2443 1086 2520 quod
1101 2463 1138 2502 ex
1158 2445 1260 2501 eodem
1282 2442 1441 2501 Aristotele
1454 2455 1600 2502 servatum
1616 2458 1660 2504 est
1677 2465 1779 2503 excer-

1009 2547 1090 2611 ptum
1106 2528 1270 2588 Heraclidis
1293 2551 1318 2600 r,
1337 2550 1369 2587 ιι
1389 2551 1396 2586 :
1418 2527 1479 2589 Etsi
1492 2529 1519 2589 δέ
1534 2532 1581 2588 καὶ
1596 2530 1669 2592 tute
1686 2531 1781 2610 άρχον-

1009 2643 1052 2686 τις
1076 2617 1254 2694 θεσμοθιτεκοὶ
1274 2615 1300 2675 oi
1315 2615 1511 2692 δοκιμασθέντες
1528 2616 1653 2694 ὀμνύουσι
1674 2619 1781 2685 δικαίως

938 2735 940 2738 .
1010 2705 1094 2787 ἄρξειν
1111 2705 1157 2763 καὶ
1178 2707 1250 2781 δῶρα
1264 2700 1302 2780 μὴ
1321 2703 1450 2783 λήψεσθαι
1469 2702 1487 2773 ἢ
1503 2705 1644 2783 ἀνδριάντα
1665 2712 1779 2785 χρυσοῦν

1011 2790 1164 2863 ἀναθήσειν,
1192 2791 1242 2849 ubi
1265 2809 1330 2848 cum
1355 2791 1491 2866 Bergitio,
1517 2795 1618 2849 iiheiu.
1643 2797 1718 2852 Mur.
1748 2816 1777 2853 n.

1009 2885 1043 2939 F.
1067 2879 1151 2950 1858,
1166 2898 1196 2954 p.
1214 2878 1271 2948 478
1284 2895 1340 2954 pro
1352 2874 1477 2954 ἄρχοντες
1492 2879 1687 2958 θεσμοθετικοί,
1707 2882 1778 2939 scri-

1011 2966 1138 3027 bendum
1154 2978 1197 3024 est
1210 2963 1333 3043 ἄρχοντες
1347 2963 1372 3021 oi
1387 2963 1432 3022 καὶ
1445 2965 1611 3042 θεσμοθέται.

1303 3137 1338 3202 τι.
1362 3134 1466 3214 μοι).

1046 3286 1258 3367 Harpocration
1269 3303 1292 3344 s.
1306 3301 1352 3344 v.:
1368 3282 1639 3362 Θισμοθέται....
1650 3285 1731 3366 Ἀρχή
1742 3287 1781 3355 τίς

1007 3380 1081 3439 έστιν
1101 3373 1241 3447 Ἀθήνησιν
1261 3377 1279 3444 ἡ
1303 3376 1355 3432 τῶν
1373 3375 1536 3451 θεσμοθετῶν
1556 3373 1584 3442 ἓξ
1603 3375 1647 3434 τὸν
1668 3375 1779 3456 ἀριθμδν

1007 3466 1098 3526 όντων·
1115 3462 1166 3524 εἰσὶ
1180 3462 1210 3522 δέ
1224 3463 1256 3521 ist
1265 3464 1317 3520 τῶν
1330 3461 1499 3538 καλουμένων
1516 3461 1539 3520 θ’
1550 3461 1698 3542 ἀρχόντων.
1717 3467 1780 3524 Κα-

183 3577 1776 3610 ...-....-..-.-.-------·----·---··--—-—-—

541 3647 579 3692 θθ.

209 3757 353 3806 Aristoteles
377 3756 402 3804 in
431 3755 612 3806 Atheniensium
627 3753 760 3818 Republica
784 3753 818 3803 ait
843 3752 949 3814 Anytum

177 3843 409 3907 contemnendorum
418 3833 565 3906 juditiorum
577 3845 699 3892 auctorem
709 3841 795 3893 inisse.

543 3954 583 4002 31.

207 4057 383 4124 Quadringenti
401 4057 466 4122 apud
486 4057 645 4109 Athenienses
666 4059 759 4122 septem
770 4055 827 4106 anni
839 4057 895 4105 ante
908 4054 951 4105 tri·

176 4147 244 4211 unta
253 4149 369 4208 tyrannos
381 4144 601 4207 constituerem,
616 4144 659 4209 qni
670 4157 767 4196 menses
781 4143 898 4207 quattuor
914 4141 950 4192 ei·

177 4232 247 4282 nuti
257 4231 415 4296 praefuerunt,
425 4231 452 4281 ut
460 4229 536 4280 tradit
545 4229 688 4282 Aristoteles
696 4231 721 4280 in
730 4228 862 4295 Republica
873 4227 948 4279 Athe·

176 4320 302 4372 niensium.

543 4427 582 4474 ³2.

206 4538 368 4590 Dracontides
388 4535 513 4588 decretum
532 4537 563 4586 de
583 4537 682 4600 triginta
707 4536 815 4587 virorum
838 4534 949 4587 domme·

176 4631 241 4680 tione
254 4629 349 4694 scripsit
356 4641 365 4688 ·‚
388 4631 416 4678 ut
438 4627 512 4678 tradit
535 4627 679 4676 Aristoteles
693 4625 717 4676 in
733 4639 807 4690 opere
827 4625 857 4676 de
869 4626 951 4676 Rebus

176 4719 288 4782 puhlicis.

542 4809 580 4854 33.

208 4907 365 4972 Magistratus
380 4908 567 4958 Atheniensium
588 4907 701 4967 nomina,
720 4919 809 4956 norem
826 4906 950 4970 magistra·

178 4999 229 5047 tua.
244 4997 308 5048 sunt
318 4995 490 5058 vero'arrhon,
505 4995 737 5059 re1,polemarchua
748 4997 773 5044 et
787 5007 832 5046 sex
842 4995 950 5046 theonae

175 5083 263 5144 theim
276 5082 343 5135 hisce
352 5082 418 5135 enim
431 5096 519 5134 novern
530 5083 565 5134 itii
574 5081 706 5134 archontes
721 5081 882 5145 complentur.
893 5085 952 5133 Erat

1003 3647 1052 3696 que
1074 3628 1242 3695 generatione,
1258 3631 1284 3679 et
1303 3640 1333 3678 en
1352 3627 1444 3689 numos
1467 3626 1548 3678 demis
1567 3629 1664 3679 oriundi
1685 3649 1691 3677 ι
1715 3644 1776 3679 nuni

1003 3719 1088 3784 Apoiio
1098 3718 1158 3782 ipsis
1171 3715 1313 3780 situatum,
1322 3717 1348 3764 et
1359 3714 1568 3778 Jupiterherceos
1583 3730 1660 3766 :num
1668 3721 1782 3780 narerrtes

1004 3807 1066 3858 hene
1086 3806 1208 3863 hostem,
1230 3817 1289 3853 num
1313 3817 1357 3866 pro
1381 3801 1460 3866 patria
1486 3815 1555 3852 arma
1576 3803 1691 3863 tulerint,
1719 3819 1779 3854 num

1005 3907 1107 3946 oensem
1120 3891 1236 3941 habeant.
1256 3889 1423 3954 interrogabat
1444 3891 1528 3942 autem
1541 3893 1661 3951 senatnsz
1679 3891 1705 3942 hi
1723 3905 1781 3942 tero

1003 3980 1118 4043 jurabant
1130 3978 1196 4043 sputi
1217 3977 1342 4041 porticum
1363 3976 1471 4041 regiam
1493 3991 1549 4041 qne
1565 3981 1604 4028 eat
1619 3977 1731 4042 lapidea,
1753 3992 1780 4030 se

1004 4068 1070 4134 leges
1081 4065 1253 4117 observaturos
1264 4067 1290 4114 et
1298 4077 1400 4114 munera
1409 4067 1618 4128 nonasterium,
1629 4069 1672 4115 ant
1681 4079 1779 4116 auream
1835 4084 1840 4093 ·

1006 4157 1113 4206 εῖεθυευι
1124 4152 1292 4218 persoluturos
1303 4165 1310 4198 t
1329 4151 1417 4202 deiude
1428 4151 1455 4202 in
1470 4152 1601 4216 acronoiim
1614 4153 1725 4216 protecti,
1736 4167 1779 4202 ea·

1005 4243 1063 4294 dem
1072 4240 1196 4308 jurabant.
1213 4242 1293 4302 Atyrto
1305 4241 1388 4289 antem
1399 4239 1577 4290 coronabantur
1586 4242 1613 4290 et
1620 4239 1781 4290 communiter

1005 4330 1093 4382 mortis
1109 4329 1257 4394 potestatem
1276 4327 1385 4388 hahent,
1400 4327 1508 4391 siquis,
1525 4341 1575 4391 quo
1588 4342 1637 4379 non
1653 4327 1727 4389 licet,
1740 4328 1780 4378 de·

1002 4419 1118 4479 aoendata
1129 4417 1224 4481 jndices
1236 4415 1325 4477 sortiri,
1337 4419 1363 4467 et
1374 4416 1481 4468 arhitms
1493 4431 1571 4467 unum
1582 4417 1719 4469 etrihuhus
1730 4419 1779 4470 sin·

1005 4504 1086 4570 gulis,
1099 4505 1260 4568 imperatores
1286 4501 1376 4566 eligere
1397 4514 1429 4552 ex
1446 4501 1569 4564 omnihus,
1595 4506 1622 4554 et
1645 4502 1779 4554 mundun

1006 4592 1118 4659 singulas
1128 4591 1395 4657 prytantaainquirere‚
1409 4604 1469 4641 num
1484 4591 1571 4656 singuli
1580 4590 1644 4643 hene
1661 4592 1779 4656 imperare

1007 4681 1140 4732 νῖιῖσειιιυι
1152 4681 1179 4730 et
1199 4678 1321 4744 suffragiis
1338 4679 1431 4729 civium
1450 4679 1638 4730 condemnatum
1651 4678 1778 4742 judicant,

1007 4770 1083 4832 atque
1092 4766 1240 4832 hipparchos
1252 4765 1316 4817 dnos
1335 4773 1362 4817 et
1373 4766 1524 4832 phylarchos
1539 4765 1623 4818 θεωιιι
1643 4769 1669 4817 et
1686 4765 1777 4816 taxiar-

1003 4853 1064 4906 ches
1075 4854 1176 4918 decern,
1185 4857 1212 4905 et
1224 4852 1278 4904 hoec
1291 4853 1392 4917 quidem
1411 4853 1514 4917 pontio.

1377 4966 1414 5014 δέ.

1038 5081 1237 5144 Τῖιεειουιῖιειῖει,
1261 5081 1445 5134 Atheniensium
1471 5082 1645 5145 onustatus,
1674 5094 1778 5133 numero

175 5175 201 5224 et
216 5172 330 5237 quamn
347 5169 569 5222 thesmuthetarnm
592 5169 715 5221 discussio
737 5167 870 5234 ερμεθειε,
891 5184 952 5220 num
1006 5174 1283 5234 erantsenexnovem
1305 5168 1474 5229 archontibus,
1494 5181 1558 5232 qnos
1573 5167 1668 5220 dieunt.
1681 5172 1775 5221 itomen
1859 5163 1862 5167 ’

176 5261 269 5314 seilicet
284 5273 314 5312 ex
330 5261 436 5322 nhnque
447 5260 546 5322 parente
560 5258 719 5310 Athenienses
731 5257 807 5308 sinte
824 5256 898 5309 tertia
910 5271 949 5308 ns·
1006 5257 1064 5309 inde
1077 5258 1162 5310 datum
1176 5261 1230 5319 est,
1250 5257 1318 5321 quon
1339 5258 1421 5321 tegunt
1441 5268 1525 5308 emam
1546 5255 1671 5309 Ιιεδεθειιέ
1693 5280 1700 5309 ι
1722 5273 1778 5310 narn
