4017 5984
718 422 966 497 QUAESTIONES
987 424 1208 499 HOrllERlCAE.

156 574 232 610 εαιτο
245 552 328 609 παῖδα
344 552 544 633 δύνῃ-,Ἀχιλῆι
559 554 581 612 θ’
601 555 712 635 ὀρινθείη
724 555 798 635 φίλον
809 546 873 635 ἦτορ
887 556 932 615 καί

156 645 169 699 ἐ
188 640 388 715 κατακτείνειε,
411 640 471 707 Διὸς
491 640 514 699 δ’
533 642 656 713 ἀλίτηται
676 641 837 721 ἔφετμάς,θ
860 644 930 702 ἐστιν

122 795 126 801 ¹
154 730 295 794 ἐντολάς...
312 728 381 795 ὅλως
395 728 447 809 γάρ
460 729 620 809 ταράσσεται
639 728 799 809 θἈχιλλεθς
819 732 927 789 ἐνταῦθα

154 819 189 882 ὡς
202 818 339 894 μάλιστα,
354 820 377 877 tl
391 817 437 876 καῖ
449 818 527 894 μόνον
541 816 647 877 ἀκούσοι
660 814 789 898 Ἕκτορος
801 818 899 894 ὄνομα,
913 818 928 878 θ

154 905 186 975 δὴ
200 904 246 964 καλ
263 907 403 972 Φίλιππος
416 904 521 984 λέγεται
537 904 650 983 πάσχειν
662 903 731 981 μετά
744 904 792 976 τὴν
807 908 834 963 ἐν
852 906 926 985 μάχη

155 991 315 1073 πήρωσιν...
328 993 376 1054 Διὸ
385 994 441 1052 οὐδ’
454 992 588 1074 ἐμφανίζει
601 992 673 1073 αύτῷ
686 991 730 1050 τὸν
744 992 810 1067 υἱόν,
828 994 865 1069 μὴ
881 993 926 1051 καλ

153 1081 219 1140 tint
231 1084 272 1164 τῷ
285 1086 369 1162 νεκρῷ
380 1074 465 1149 οἶκτος
476 1086 521 1140 τοῦ
535 1081 634 1160 πατρὸς
645 1081 837 1161 ἀναζοιπυρήσῃ
849 1081 928 1160 χύλον

153 1172 191 1245 τῷ
207 1167 339 1249 Ἀχιλλεῖ,
362 1168 418 1245 ἀμα
434 1168 462 1227 δὲ
486 1170 531 1240 ἠοῖ
554 1166 696 1249 φαινομένῃ
720 1168 827 1249 θύεσθαι
850 1168 927 1228 αιἰτθν

152 1255 235 1332 λέγει.
251 1255 398 1334 Συνάγεται
413 1256 441 1314 δέ
457 1255 488 1315 τὸ
501 1261 547 1315 τοῦ
560 1255 700 1335 Ἀχιλλέως
714 1256 827 1316 ἀστατον
841 1256 887 1315 καὶ
900 1258 927 1313 ἐν

152 1348 185 1414 τῆ
202 1344 227 1403 α’
239 1344 357 1425 ῥαψῳδίᾳ
370 1342 417 1402 καὶ
428 1348 455 1405 ἐν
468 1354 525 1410 ταῖς
538 1348 640 1411 Λιταῖς.

195 1436 236 1495 Τὸ
249 1436 346 1511 ὁμαλὸν
360 1434 391 1492 ιιι
407 1434 534 1510 ingeniis
545 1434 745 1511 exprimendis
755 1451 818 1492 esse
829 1432 928 1493 obser·

157 1521 296 1594 randum,
306 1522 441 1600 praecipit
451 1522 619 1581 Aristoteles
631 1522 661 1579 in
675 1521 751 1580 libro
765 1520 801 1578 dc
814 1520 930 1579 Poetica

156 1629 183 1669 c.
198 1614 233 1669 15
250 1612 308 1687 §tu
634 1625 637 1631 '

466 1743 503 1801 30
524 1741 616 1819 (195).

195 1886 299 1946 Strabo
314 1886 395 1958 Xllt,
409 1907 439 1965 p.
452 1887 511 1963 598
527 1909 534 1943 :
551 1885 604 1945 Kal
620 1886 672 1963 μὴν
687 1885 747 1961 τόγε
759 1886 925 1960 ναύσταθμον

156 1975 186 2033 rb
199 1980 245 2033 νῦν
257 1975 295 2033 ἐτι
311 1975 450 2052 λεγόμενον
464 1974 575 2045 πλησίον
589 1972 670 2042 οὕτως
685 1976 740 2031 ἐστὶ
752 1978 800 2044 τῆς
816 1980 859 2032 νῦν
871 1974 926 2032 πύ-

155 2065 221 2127 λεως
235 2064 313 2139 (scil.
329 2062 445 2139 Ἰλίου),
463 2060 532 2119 ύίστε
546 2062 688 2137 θαυμάζειν
703 2060 809 2127 είκύτως
822 2062 853 2120 ἀν
868 2084 926 2123 τινα

155 2154 207 2207 τῶν
230 2150 277 2227 μέν
291 2154 338 2221 τῆς
356 2149 498 2225 ἀπονοίας,
519 2153 572 2207 τῶν
588 2150 616 2209 δέ
635 2150 784 2209 τούναντίον
798 2157 844 2222 τῆς
858 2155 926 2231 ἀψυ-

154 2240 227 2317 χίας·
243 2237 366 2305 ἀπονοίας
390 2236 456 2314 με’ν,
478 2240 500 2296 εί
518 2245 641 2298 τοσοῦτον
665 2239 758 2319 χρόνον
776 2239 926 2317 ἀτείχιστον

156 2326 221 2387 αὐτὸ
231 2317 317 2406 κίχον,
332 2326 444 2397 πλησίον
460 2325 540 2396 οὔσης
560 2331 606 2397 τῆς
622 2326 725 2395 πόλεως
739 2328 785 2385 καὶ
803 2326 926 2385 τοσούτου

155 2417 267 2484 πλήθους
275 2420 322 2475 τοῦ
330 2415 389 2473 τ’ἐν
401 2416 468 2494 αὐτῇ
479 2415 577 2473 καὶτοῦ
587 2416 765 2494 ἐπικουρικοῦ·
774 2414 865 2471 νεωστὶ
876 2414 926 2493 γάρ

154 2504 287 2581 γεγονέναι
301 2502 365 2585 φησι
379 2502 410 2561 rb
428 2510 528 2582 τεῖχος·
543 2501 561 2573 ἢ
575 2502 628 2561 οὐδ’
644 2502 760 2581 ἐγένετο,
777 2501 833 2561 bil
852 2502 927 2561 πλά-

156 2614 203 2657 σας
217 2591 328 2663 ποιητὴς
347 2591 492 2671 ἠφάνισεν,
517 2595 552 2656 ύις
574 2591 808 2668 Ἀριστοτέλης
831 2587 926 2669 φησίν·

155 2678 269 2758 ἀψυχίας
284 2678 328 2751 δὲ,
353 2680 377 2736 el
394 2677 533 2755 γενομένου
556 2683 602 2736 τοῦ
619 2678 722 2757 τείχους
739 2678 926 2756 ἐτειχομάχουν

156 2766 201 2822 καὶ
220 2764 353 2824 εἰσέπεσον
369 2766 405 2831 εἰς
424 2766 487 2823 αὐτὸ
502 2763 533 2822 ri
550 2765 716 2841 ναύσταθμον
731 2764 776 2823 καὶ
791 2763 926 2841 προσεμά-

153 2876 232 2931 χοντο
240 2856 296 2920 ταῖς
305 2851 409 2928 ναυσίν,
425 2850 571 2930 ἀτείχιστον
586 2851 613 2910 δὲ
626 2852 728 2929 ἔχοντες
740 2856 788 2910 οὐκ
804 2850 928 2931 ἐθάρρουν

154 2944 304 3018 προσιόντες
322 2942 469 3020 πολιορκεῖν
484 2944 577 3016 μικροῦ
593 2945 637 2997 τοῦ
657 2940 834 3015 διαστήματος
843 2940 926 3004 ὄντος.

197 3028 231 3087 ln
258 3041 318 3086 tota
340 3028 393 3086 hac
419 3028 455 3085 de
479 3026 610 3104 'l'rojano
634 3048 704 3103 agro
732 3027 928 3104 disputatione

154 3131 269 3176 strenuus
279 3130 323 3175 est
335 3116 440 3175 Strabo
452 3117 589 3175 Demetrii
599 3115 709 3194 Scepsii
722 3115 831 3174 librum
840 3117 928 3192 Τρωι-

155 3205 198 3270 κὸς
216 3205 366 3281 Διάκοαμος
387 3204 580 3281 inscriptum,
600 3205 647 3263 cui
669 3205 790 3264 sortasse
804 3202 926 3260 debetur

154 3295 238 3351 etium
250 3294 447 3352 testimonium
458 3312 495 3350 ex
511 3293 665 3351 Aristotele
677 3294 834 3370 prolatum.
850 3290 924 3347 Num

155 3402 191 3439 ex
201 3381 343 3440 Strabone
354 3382 480 3440 hauserit
492 3381 657 3440 Eustatlrius
667 3382 718 3458 qui
729 3380 844 3439 duobus
854 3378 926 3437 locis

156 3470 312 3529 verborum
334 3470 499 3529 Aristotelis
522 3470 655 3528 meminit
671 3468 817 3536 dubium,
835 3485 923 3544 quum

157 3561 241 3614 etiam
255 3558 288 3615 in
307 3557 425 3616 scholiis
438 3556 475 3614 ad
490 3555 611 3615 Iliadem
629 3558 776 3633 legantur.
791 3554 922 3613 Eustatlt.

156 3648 186 3703 in
196 3643 318 3722 llind-p.
332 3646 389 3720 689
403 3646 439 3717 57
452 3664 461 3703 ε
474 3644 627 3720 Σημείωσαι
639 3644 666 3703 δέ
677 3645 723 3704 καί
732 3643 812 3702 δτιτθ
823 3642 924 3712 Ἐλλη-

1701 442 1758 501 ttt

986 557 1057 615 νικδν
1074 561 1150 617 τοῦτο
1165 560 1249 639 τεῖχος
1261 560 1365 639 ἀρέσκει
1376 562 1428 629 τοῖς
1439 565 1559 632 παλαιοῖς
1571 566 1683 645 πλάσμα
1692 560 1759 629 εἶναι

985 641 1141 725 Ὁμηρικόν.
1157 644 1200 726 Τῇ
1212 644 1263 723 γάρ
1276 648 1399 731 άληθείφι,
1419 650 1509 729 φασίν,
1522 652 1551 712 οὗ
1564 651 1683 732 γέγονεν,
1701 658 1759 718 ἀλλ’

990 734 1125 817 ἐπλάσατο
1143 736 1191 807 τὴν
1207 736 1271 815 πρὸς
1290 740 1327 816 τῷ
1351 740 1511 821 ναυστάθμῳ
1525 745 1699 820 τειχοποιίαν,
1713 747 1758 806 καὶ

986 820 1022 878 τά
1037 826 1096 881 κατ’
1120 822 1201 895 αὐτὴν
1216 828 1230 883 θ
1244 824 1354 895 ποιητὴς
1368 826 1418 906 οὐχ
1432 828 1543 907 ἱστορῶν
1557 837 1668 907 πρᾶγμα
1683 834 1756 909 γενά·

986 932 1075 986 μενον,
1095 914 1153 971 ἀλλ’
1175 916 1210 979 tr<
1230 912 1366 991 γενόμενον
1389 915 1562 993 ἐκτιθέμενος.
1588 918 1632 980 lb.
1648 941 1678 999 p.
1699 924 1757 1000 690

987 997 1004 1053 8
1022 1021 1029 1055 ι
1045 999 1097 1060 Διά
1117 998 1143 1057 δέ
1160 1006 1204 1059 τοῦ
1221 1003 1363 1067 παντελοῦς
1377 992 1449 1069 altr<
1465 1004 1612 1083 ἀφανισμοῦ
1626 1008 1757 1089 διαφεύγει

984 1085 1029 1145 τδν
1042 1094 1089 1146 τοῦ
1102 1092 1210 1170 ψευδοῦς
1224 1090 1347 1171 ἔλεγχον,
1358 1092 1435 1159 αὐτὸς
1449 1092 1561 1164 ποιήσας
1572 1094 1601 1154 τὸ
1613 1099 1700 1175 τεῖχος
1711 1098 1758 1154 αὖ·

984 1174 1028 1241 τὸς
1045 1175 1186 1256 ἀφανίσας,
1206 1180 1241 1245 ύις
1263 1178 1308 1236 καὶ
1322 1178 1555 1258 Ἀριστοτέλης
1578 1183 1669 1253 δηλοῖ,
1690 1182 1756 1242 δπου

986 1260 1034 1341 ἔφη
1050 1262 1089 1320 dri
1100 1263 1131 1321 rb
1143 1266 1253 1343 τεῖχοςθ
1268 1264 1369 1346 φράσας
1389 1268 1460 1345 (leg.
1477 1268 1595 1329 fortasse
1608 1273 1622 1329 δ
1636 1269 1756 1349 πλάσας)

984 1350 1096 1421 ποιητὴς
1111 1352 1251 1432 ἠφάνισεν,
1268 1354 1303 1411 cl.
1316 1372 1343 1431 p.
1360 1356 1429 1426 888,
1446 1356 1480 1413 51
1499 1374 1507 1415 ι
1525 1356 1606 1425 Αὐτὸς
1621 1356 1651 1415 rb
1670 1364 1756 1438 τεῖχος

985 1442 1103 1519 ἐγείρας,
1118 1444 1153 1509 ὡς
1176 1442 1221 1501 καί
1235 1446 1392 1522 προερρέθη,
1412 1444 1489 1511 αὐτὸς
1509 1444 1555 1505 καὶ
1568 1448 1697 1529 ἀφανίσας
1711 1451 1757 1509 καὶ

986 1530 1165 1609 καταρρίψας,
1183 1532 1219 1596 ὡς
1243 1532 1378 1599 παντελῶς
1393 1534 1504 1609 πλάσμα
1521 1532 1549 1591 δν
1565 1538 1661 1609 αὐτοῦ,
1679 1561 1758 1596 συνα-

987 1618 1100 1695 φανίζοιν
1127 1626 1180 1685 τοῖς
1198 1618 1385 1696 ἐρειπίοις·ιια“ι
1405 1621 1449 1683 τὸν
1476 1621 1614 1703 ἐσύστερον
1635 1623 1755 1705 ἔλεγχον.

985 1704 1101 1773 Quibus
1116 1706 1303 1767 similiasunt
1317 1728 1383 1785 quae
1399 1710 1431 1769 in
1445 1710 1543 1775 Schol.
1557 1713 1604 1771 BL
1621 1715 1657 1772 ad
1672 1714 1708 1776 ll.
1724 1740 1754 1787 η,

986 1793 1239 1870 41⁸5,praesertim
1256 1814 1326 1853 vero
1343 1800 1373 1854 in
1388 1796 1458 1854 BLV
1480 1798 1516 1856 ad
1532 1798 1616 1859 lliad.
1632 1826 1663 1877 μ,
1680 1813 1696 1871 4
1715 1805 1757 1863 le·

984 1880 1081 1954 gimus
1098 1902 1105 1937 :
1120 1880 1221 1939 Τούτου
1235 1880 1286 1960 γάρ
1302 1882 1380 1963 χάριν
1398 1884 1443 1943 καὶ
1458 1886 1590 1946 ἀνέπλασε
1603 1888 1650 1961 τὴν
1672 1912 1757 1969 τειχο·

983 1967 1086 2038 ποιίαν,
1098 1966 1164 2045 ὑπὲρ
1176 1974 1222 2026 τοῦ
1239 1971 1340 2046 ἀγῦινας
1352 1975 1458 2043 κινῆσαι
1477 1974 1519 2030 ἐπι
1535 1977 1569 2053 τῇ
1585 1980 1754 2059 τειχομαχίη.

984 2054 1050 2115 Ἐπί
1064 2045 1108 2112 οῦν
1121 2060 1168 2113 τοῦ
1189 2057 1313 2133 Τρωϊκοῦ
1325 2057 1425 2137 τείχους
1439 2064 1514 2119 τοῦτο
1529 2062 1667 2142 ἀμήχανον
1682 2065 1756 2143 (θεο-

987 2140 1095 2212 ποίητον
1108 2144 1158 2222 γὰρ
1172 2134 1234 2221 ivl·
1248 2143 1314 2223 ὑπὲρ
1334 2144 1362 2203 δέ
1380 2152 1425 2205 τοῦ
1442 2147 1510 2222 μηδέ
1524 2148 1623 2223 ταύτην
1647 2154 1757 2210 καταλι-

975 2236 1042 2287 ’πεῖν
1056 2232 1106 2300 τήν
1118 2230 1206 2307 ίδέαν,
1222 2230 1266 2290 ἐπὶ
1282 2236 1320 2312 τῷ
1329 2236 1380 2291 τῶν
1392 2232 1527 2305 Ἑλλήνων
1541 2236 1624 2317 τείχει
1642 2237 1689 2309 τὴν
1704 2264 1758 2299 τει-

983 2316 1119 2395 χομαχίαν
1138 2322 1218 2379 ποιεῖ.
1235 2318 1314 2381 Ἐπεὶ
1335 2320 1362 2379 δέ
1381 2320 1457 2389 αὐτὸς
1472 2323 1593 2404 ἀνήγειρε
1608 2324 1638 2383 τθ
1654 2336 1756 2407 τεῖχος,

982 2403 1112 2465 διάτοῦτο
1130 2406 1175 2464 καὶ
1195 2407 1320 2487 ἠφάνισεν
1333 2409 1412 2483 αὐτά,
1429 2408 1473 2467 τὸν
1489 2410 1597 2490 ἔλεγχον
1613 2414 1754 2493 συναφανί-

982 2494 1044 2559 ζιον.
1060 2492 1128 2552 llaec
1140 2508 1239 2574 aperte
1254 2515 1291 2553 ex
1311 2496 1411 2555 ecdem
1426 2498 1504 2557 sonte
1518 2500 1676 2562 fluxerunt.
1698 2502 1756 2572 Qui

984 2593 1096 2655 tamen,
1120 2598 1215 2642 utrum
1231 2584 1364 2661 dialogus
1378 2605 1414 2643 an
1430 2586 1609 2655 Quaestiones
1626 2593 1758 2651 Homeri·

983 2691 1024 2729 cae
1037 2671 1155 2747 luerint,
1171 2671 1300 2730 dubitari
1314 2673 1392 2735 licet.

1294 2802 1327 2859 31
1354 2802 1444 2881 (196).

1024 2932 1177 2989 Athenaeus
1189 2928 1270 3006 Xlll,
1281 2950 1312 3008 γι.
1323 2930 1391 3005 556,
1403 2932 1428 2988 D
1446 2954 1452 2989 :
1470 2932 1616 3010 Θαυμάσαι
1628 2936 1650 2993 δ’
1663 2935 1693 2993 ἀν
1702 2922 1756 3011 τις,

984 3019 1062 3101 φησιν
1090 3017 1345 3098 Ἀριστοτέλης,
1369 3017 1409 3083 ὅτι
1436 3020 1553 3096 οὐδαμοῦ
1577 3025 1624 3093 τῆς
1647 3022 1757 3091 Ἰλιάδος

981 3107 1103 3188 Ὅμηρος
1111 3104 1215 3177 ἐποίησε
1226 3105 1353 3185 Μενελάῳ
1364 3106 1580 3184 συγκοιμωμένην
1590 3110 1754 3184 παλλακίδα,

983 3206 1050 3257 πᾶσι
1065 3194 1122 3264 δοθς
1143 3202 1280 3273 γυναῖκας.
1298 3196 1450 3270 Κοιμῦινται
1464 3200 1524 3273 γοῦν
1543 3199 1606 3274 παρ’
1626 3200 1757 3277 αὐτῷκαὶ

982 3289 1007 3345 ot
1021 3284 1139 3365 γέροντες
1150 3282 1217 3360 μετὰ
1231 3285 1359 3361 γυναικῶν
1371 3328 1379 3357 ,
1391 3280 1503 3361 Νέστωρ
1519 3282 1615 3365 (11.λ,
1630 3287 1698 3364 θιθ)
1712 3288 1756 3346 καί

981 3370 1083 3441 Φοίνιξ.
1099 3374 1139 3431 Οὐ
1150 3364 1202 3449 γάρ
1217 3361 1284 3441 ἦσαν
1300 3361 1371 3428 οῦτοι
1387 3370 1556 3447 ἐκλελυμένοι
1570 3380 1622 3438 τοις
1636 3374 1755 3449 σώμασιν

979 3463 1008 3519 ἐν
1019 3464 1072 3527 τοῖς
1085 3464 1131 3531 τῆς
1144 3457 1265 3531 νεότητος
1278 3462 1381 3537 χρόνοις
1395 3457 1412 3531 ἢ
1428 3458 1471 3517 dtis
1491 3459 1602 3537 μέθηςῆ
1620 3461 1653 3519 δι’.
1672 3465 1755 3542 ἀφρο-
1773 3500 1775 3505 -

981 3549 1070 3609 δισίων
1092 3546 1110 3619 ἢ
1131 3545 1177 3605 καί
1196 3546 1238 3604 διδ
1253 3550 1301 3617 τῆς
1326 3549 1352 3605 ἐν
1374 3554 1430 3613 ταῖς
1446 3547 1603 3628 ἀδηφαγίαις
1624 3550 1753 3629 ἀπεψίας,

982 3636 1049 3696 ὥστε
1062 3636 1166 3700 είκύτοις
1177 3632 1306 3711 ἔρρωνται
1320 3636 1357 3713 τῷ
1371 3632 1451 3714 γήρᾳ.
1464 3632 1569 3693 Ἔοικεν
1582 3626 1625 3693 οῦν
1638 3639 1651 3692 θ
1665 3637 1756 3711 Σπαρ·

154 3748 1754 3775 *W

155 3810 234 3872 paruit
249 3808 362 3857 sermoni.
377 3806 478 3858 videtur
494 3816 573 3858 autem
585 3810 610 3858 id
623 3810 790 3859 convenienter
809 3809 885 3857 lacero
901 3811 927 3856 ut

155 3898 241 3946 terreat
256 3908 338 3944 senem
349 3898 374 3944 et
386 3894 519 3944 alimentis
530 3899 622 3945 avocet.
636 3898 687 3945 lloc
700 3910 757 3944 vero
771 3908 818 3943 non
830 3894 863 3943 ita
872 3897 925 3942 est:

154 3981 179 4034 ιιι
201 3981 355 4046 sequentibus
373 3982 437 4032 enim
448 3988 517 4045 poeta
529 3982 617 4032 indicat
636 3983 668 4033 ita
682 3982 732 4032 lieri
750 3984 876 4045 oportere,
898 3995 928 4031 ue

158 4070 270 4121 Priamus
281 4068 356 4118 illium
369 4068 458 4118 dolenti
469 4068 542 4119 corde
553 4072 704 4134 conspicetur
716 4070 777 4119 iram
791 4083 839 4118 nnn
851 4068 926 4117 ronti·

158 4160 233 4215 neret
247 4156 350 4207 Achilles
361 4170 419 4207 tero
431 4157 456 4205 in
472 4157 531 4206 iram
539 4138 675 4207 commotus
686 4158 765 4220 ipsum
777 4155 927 4214 interficeret,

156 4246 271 4309 lorisque
284 4245 382 4295 violaret
397 4245 537 4294 mandata...
550 4248 653 4295 Prorsus
663 4244 727 4294 enim
741 4256 813 4307 quum
823 4243 927 4291 maxime

156 4332 262 4382 hocloco
275 4333 385 4382 turbatur
390 4332 494 4383 Achilles
505 4333 583 4382 solum
596 4331 694 4381 arrdiem
705 4344 792 4381 nomen
801 4328 925 4389 Hectoris,

156 4421 220 4482 qnod
241 4424 266 4471 et
285 4421 394 4485 Plrilipno
415 4420 529 4471 accidisse
546 4420 633 4470 dicitur
653 4422 778 4484 postquam
798 4419 823 4468 in
844 4419 927 4483 proelio

156 4509 225 4558 oculo
236 4509 335 4559 οιιιιιιιι
350 4513 415 4559 est..
428 4510 509 4566 Quare
518 4522 564 4559 nec
575 4508 681 4558 ostendit
697 4509 792 4558 Priamo
808 4507 882 4557 titium
896 4520 927 4556 ue

155 4598 234 4646 luctus
250 4597 274 4646 ιιι
286 4596 390 4647 Mousti
405 4599 531 4659 οοιιιιροοιιι
544 4596 603 4645 ιτιιιιι
615 4596 700 4646 Αοιιιιιι
717 4595 845 4657 ascendat,
861 4595 927 4644 dicit·

156 4699 203 4747 quc
214 4687 333 4736 Ριιιιιιιυιιι
342 4686 412 4736 simut
422 4688 489 4749 τιαιε
496 4698 582 4735 aurora
595 4686 729 4749 appamerit
740 4685 814 4734 tilium
827 4696 927 4748 consue·

156 4776 261 4822 cturum.
287 4774 454 4824 inconstantia
472 4773 579 4837 arguitur
603 4772 699 4822 Achillis
720 4772 839 4835 ingenium
861 4775 886 4821 et
903 4773 928 4821 in

157 4860 231 4923 [trima
243 4861 369 4922 rinnsodia
381 4862 437 4911 etin
449 4860 572 4910 Precibus.

514 4991 556 5050 w
624 5016 630 5027 Ι

189 5131 264 5178 Porro
276 5131 446 5181 Naustathmus
465 5134 516 5181 sire
527 5132 625 5181 narium
642 5131 722 5193 statio,
744 5145 799 5195 quae
810 5146 873 5183 nunc
888 5131 927 5180 di-

157 5214 226 5276 citur,
244 5216 277 5264 ita
292 5216 369 5265 vicina
387 5220 423 5266 est
438 5218 525 5268 retenti
539 5219 595 5280 ΙΙιο,
617 5222 643 5267 ιιι
664 5218 744 5267 mirari
766 5219 849 5270 subeat
870 5220 928 5271 alte·

982 3815 1063 3851 rorum
1076 3799 1236 3859 deruentium,
1249 3799 1378 3847 alterorum
1388 3798 1546 3849 timiditatem.
1563 3802 1702 3849 Graemrum
1719 3804 1755 3850 iu·
1856 3860 1863 3872 ο

981 3906 1054 3955 quatu
1070 3889 1217 3952 vecordiam,
1231 3888 1251 3938 si
1265 3892 1331 3938 tanto
1344 3902 1398 3938 euru
1409 3891 1516 3951 temporo
1527 3890 1578 3939 sine
1591 3892 1665 3939 muris
1674 3894 1756 3939 tenue-

982 3980 1052 4039 mnt,
1064 3977 1106 4027 llio
1119 3980 1169 4027 tam
1181 3976 1331 4041 pmplnquo,
1347 3978 1460 4038 mutaque
1469 3976 1625 4036 Troianorum
1640 3980 1663 4027 ct
1675 3976 1755 4025 soric-

982 4080 1035 4114 rum
1054 4064 1203 4114 multitudiue
1216 4063 1241 4113 in
1259 4077 1288 4114 eo
1305 4065 1416 4113 versante
1439 4082 1444 4112 :
1466 4076 1520 4112 nam
1535 4064 1580 4113 cub
1596 4064 1642 4115 stuc
1657 4063 1754 4113 demum

981 4150 1039 4200 belli
1058 4150 1133 4200 lactus
1146 4152 1184 4199 est
1195 4162 1288 4210 murus,
1305 4162 1376 4210 quem
1388 4148 1526 4201 Aristoteles
1538 4148 1571 4197 ait
1582 4149 1612 4198 ab
1623 4149 1674 4213 ipso
1687 4152 1755 4213 poeta

983 4242 1009 4287 ut
1024 4238 1120 4299 lactum,
1141 4236 1174 4285 lta
1196 4236 1299 4287 deletum
1321 4235 1400 4285 tuisse.
1419 4236 1580 4285 'timiditatem
1597 4250 1655 4286 vero
1670 4238 1752 4297 Tmia·

980 4342 1081 4387 nomm,
1095 4328 1116 4377 si
1131 4341 1200 4377 muro
1216 4327 1312 4376 demum
1328 4326 1389 4375 lacto
1405 4326 1495 4375 irruere
1508 4328 1532 4376 et
1546 4326 1683 4390 impugnare
1698 4341 1753 4376 cum

979 4429 1008 4465 ac
1021 4428 1094 4465 naves
1110 4414 1215 4478 aggressi
1239 4415 1306 4475 suut,
1327 4414 1451 4463 stationem
1468 4417 1548 4463 autem
1565 4427 1634 4463 muro
1648 4414 1753 4464 noudum

978 4503 1081 4551 cinctam
1093 4503 1145 4551 nusi
1158 4514 1205 4551 nnn
1223 4502 1279 4549 srrnt
1291 4499 1419 4559 invadere,
1437 4513 1483 4548 uon
1501 4501 1567 4562 louge
1577 4499 1695 4549 dissitam.

1308 4714 1311 4722 ,
1347 4662 1385 4707 ιι.

1012 4789 1111 4837 Miretur
1128 4800 1185 4836 reru
1208 4786 1310 4849 aliquis,
1329 4787 1361 4835 ait
1382 4788 1533 4849 Aristoteles,
1555 4786 1618 4849 quod
1636 4800 1753 4847 nusquam

979 4876 1004 4924 in
1016 4874 1089 4924 lliade
1099 4873 1232 4925 Menelaum
1246 4888 1301 4924 cum
1316 4875 1398 4938 pellice
1408 4874 1604 4924 concumbentem
1619 4872 1687 4923 faciut
1703 4874 1753 4920 ltn-

980 4974 1074 5022 merus,
1091 4962 1132 5024 qui
1149 4964 1228 5011 tamen
1250 4962 1302 5011 aliis
1317 4963 1428 5012 omnibns
1449 4964 1559 5013 mulieres
1576 4960 1668 5011 tribuit.
1688 4962 1740 5009 cun

979 5049 1094 5099 cumbunt
1112 5062 1170 5099 sane
1182 5047 1245 5111 apud
1265 5049 1331 5099 illum
1351 5062 1406 5099 cum
1426 5048 1564 5099 mulieribus
1579 5048 1651 5097 ctiam
1669 5060 1754 5099 senes¹

980 5136 1066 5184 Nestor
1081 5134 1106 5183 et
1120 5132 1228 5183 Plroenix.
1250 5134 1301 5182 Nou
1319 5134 1414 5183 luerunt
1425 5134 1487 5186 enim
1506 5132 1531 5181 ιιι
1544 5132 1623 5182 ellmto
1640 5146 1753 5196 αιιρινισ,

981 5221 1040 5270 ritio
1053 5234 1083 5271 ex
1098 5218 1197 5282 juvenili
1214 5222 1285 5269 aenu
1303 5221 1438 5279 contracto,
1452 5218 1503 5267 sive
1520 5231 1562 5279 per
1577 5218 1754 5280 temulentiam,
