4017 5984
795 394 1041 459 ARISTOTELIS
1062 400 1310 465 FRAGMENTA.

565 579 591 613 ι.
615 558 702 655 μαι)

286 709 446 767 Alexander
471 710 603 788 Aphrod.
629 714 660 771 in
681 713 768 772 Arist.
786 713 915 793 Metsph.
937 714 961 787 1,
983 718 1013 789 6,

242 807 273 863 p.
291 796 340 855 41,
363 810 399 845 ao
416 790 509 849 Bam:
529 790 622 872 Ἀρχδις
637 794 684 868 μέν
698 798 750 852 τῶν
761 795 842 855 ὄντοιν
857 797 915 863 τοὺς
938 799 1009 875 ἀριθ-

245 874 309 945 μοὺς
323 876 435 937 Πλάτων
449 902 479 937 τε
493 879 538 938 καὶ
553 884 577 941 οἱ
592 882 769 962 Πυθαγόοειοε
785 885 950 957 ὑπετίθεντο,
972 885 1013 945 δτι

241 965 326 1024 ε’δόκει
341 967 429 1030 αὐτοῖς
438 967 468 1024 τὸ
480 970 584 1047 πρῶτον
598 969 670 1049 ἀρχὴ
681 962 747 1031 εἶναι
760 974 849 1033 καὶτὸ
864 976 1013 1048 ἀσύνθετον,

241 1056 293 1111 τῶν
311 1050 339 1112 δὲ
360 1053 491 1128 σωμάτων
507 1059 600 1135 πρῶτα
620 1057 654 1117 τέι
675 1060 788 1121 ἐπίπεδα
807 1051 873 1120 εἶναι
887 1063 940 1139 (τά
960 1061 1011 1142 γέιρ

176 1214 180 1223 ¹
241 1139 407 1221 ἁπλούστεραί
420 1164 449 1201 τε
460 1141 507 1201 καὶ
517 1141 555 1220 μὴ
565 1146 756 1224 συναιρούμενα
766 1152 860 1229 πρῶτα
870 1154 904 1229 τῇ
915 1149 1012 1228 φύσει),

240 1228 370 1287 ἐπιπέδων
394 1227 421 1287 δέ
436 1230 561 1308 γραμμαὶ
575 1233 644 1293 κατέι
665 1234 710 1292 τὸν
723 1238 801 1295 αὐτὸν
820 1238 916 1314 λόγον,
928 1261 1009 1317 γραμ-

241 1314 297 1392 μῶν
312 1314 340 1375 δέ
355 1318 481 1394 στιγμαί,
495 1316 559 1385 θεοί
571 1322 751 1399 μαθηματικοὶ
765 1325 879 1401 σημεῖα,
895 1325 970 1383 αὐτοί
983 1325 1011 1383 δὲ

239 1403 354 1479 μονάδας
367 1402 475 1481 ἔλεγον,
501 1405 627 1466 ἀσύνθετα
643 1410 812 1469 παντάπασιν
826 1409 890 1471 ὄντα
908 1412 953 1470 καὶ
969 1415 1010 1471 ού-

238 1491 280 1551 iis
305 1490 357 1570 πρδ
376 1495 462 1551 αὑτῶν
482 1493 590 1572 ἔχοντα·
605 1499 633 1555 ui
659 1495 686 1556 δέ
707 1498 818 1573 μονάδες
841 1499 963 1581 ἀριθμοί,
985 1506 1009 1561 οἰ

238 1583 343 1662 ἀριθμοί
363 1583 415 1661 ἀρα
436 1588 536 1663 πρῶτον
551 1589 604 1645 τῶν
625 1585 718 1647 όντων.
741 1586 796 1646 Καὶ
820 1587 878 1647 ἐπεί
899 1586 932 1646 τθ
952 1588 1010 1660 είδη

237 1670 330 1747 πρῶτά
344 1695 372 1729 τε
391 1672 436 1731 καὶ
451 1675 479 1732 αὑ
494 1672 562 1732 ἰδέαι
576 1677 682 1753 πρῶται
694 1678 746 1733 τῶν
761 1676 824 1756 πρδς
844 1676 912 1736 αύτέ
928 1674 1010 1735 όντων

237 1761 297 1817 κατ’
313 1758 389 1819 αὑτὸν
401 1760 447 1818 καὶ
467 1766 532 1841 παρ’
556 1765 641 1821 αὑτῶν
659 1763 689 1821 τὸ
704 1752 771 1820 ε’ίναι
789 1763 903 1841 ἐχόντων
919 1762 950 1839 (θ
969 1762 1010 1823 δτι

238 1844 293 1905 ἔστι
302 1890 311 1917 ,
321 1847 368 1915 Ιδεδι
380 1849 505 1909 πλειόνων
518 1854 640 1930 ἐπειρᾶτο
649 1852 778 1911 δεικνύναι
789 1852 812 1931 ),
826 1853 860 1911 τά
871 1852 927 1922 εἴδη
940 1851 1013 1930 ἀριθ-

238 1932 301 2009 μοὺτ
319 1933 416 2013 ἐλεγεν.
439 1940 473 1999 Εἰ
487 1938 537 2018 γέιρ
556 1938 586 1998 τδ
605 1937 736 2014 μονοειδὲς
754 1944 857 2018 πρῶτον
878 1946 930 1999 τῶν
946 1938 1011 2018 πρδι

238 2022 315 2079 αὑτοῦ
327 2022 423 2096 όντων,
439 2026 520 2100 μηδὲν
530 2024 557 2084 δέ
570 2031 671 2104 πρῶτον
684 2030 807 2106 ἀριθμοῦ,
818 2026 854 2085 τέε
864 2027 919 2097 εἴδη
935 2028 1010 2105 ἀριθ-

238 2107 294 2185 μοί.
310 2110 359 2169 Διὸ
379 2111 422 2171 καὶ
438 2112 486 2179 τὰς
508 2119 553 2171 τοῦ
577 2115 688 2191 ἀριθμοῦ
709 2113 791 2193 ἀρχὰς
807 2119 859 2173 τῶν
880 2136 910 2172 τε
934 2115 1010 2173 εἰδῶν

234 2197 317 2277 ἀρχδς
330 2196 419 2273 ἔλεγεν
443 2189 508 2255 εἶναι
532 2197 578 2255 καί
592 2199 621 2257 τὸ
640 2197 668 2256 έν
690 2200 743 2255 τῶν
760 2196 877 2258 πάντων.
898 2194 960 2257 Ἔτι
975 2200 1008 2257 τὰ

234 2285 281 2361 μὲν
293 2282 349 2357 είδη
363 2288 415 2343 τῶν
428 2285 514 2343 llum
530 2286 629 2363 ἀρχαί,
643 2287 696 2344 τῶν
709 2285 737 2343 δέ
752 2286 828 2344 ἰδεῶν
839 2288 956 2364 ἀριθμῶν
968 2287 1009 2344 ού-

235 2374 288 2431 σῖιν
301 2370 384 2452 ἀργαί
398 2374 425 2430 αἱ
439 2378 485 2431 τοῦ
505 2375 616 2451 ἀριθμοῦ
636 2374 734 2453 ἀρχαί·
754 2372 839 2455 ἀρχάς
851 2372 880 2432 δέ
893 2376 1003 2453 ἀριθμοῦ

232 2458 320 2536 &aas
333 2441 401 2519 είναι
413 2459 461 2530 τήν
474 2482 502 2517 τε
522 2461 623 2534 μονάδα
634 2462 681 2520 καί
694 2459 741 2531 τὴν
757 2461 851 2521 δυάδα.
864 2461 944 2521 Ἐπεὶ
956 2462 1007 2542 γάρ

232 2544 341 2606 έστινάν
355 2554 409 2615 τοῖς
424 2548 542 2627 ἀριθμοῖς
559 2547 590 2607 τδ
605 2547 631 2606 έν
649 2571 677 2609 τε
690 2547 778 2608 καὶτὸ
794 2548 868 2628 παρὰ
887 2548 972 2624 τὸὲν,
991 2548 1008 2607 ό

231 2637 288 2693 ἐστι
301 2635 389 2695 πολλά
401 2660 430 2695 τε
444 2634 490 2699 καί
503 2636 620 2714 δλίγα,θ
638 2640 741 2716 πρῶτον
762 2638 837 2717 παρὰ
851 2636 882 2696 τδ
895 2636 923 2695 έν
934 2640 1004 2696 ἀστιν

232 2724 258 2781 ἐν
279 2723 383 2801 αὐτοῖς,
401 2730 478 2783 τοῦτο
499 2723 584 2804 ἀρχὴν
606 2724 706 2785 ἐτίθετο
720 2727 770 2784 τῶν
791 2746 820 2784 τι
839 2727 944 2785 πολλῶν
958 2726 1005 2785 καὶ

231 2812 289 2881 τῶν,
302 2810 407 2887 ὀλίγων.
432 2810 510 2871 Ἔστι
532 2811 560 2870 δέ
583 2816 601 2883 ἡ
622 2813 684 2880 tut<
705 2811 797 2893 πρεὺτη
818 2811 893 2892 πορά
912 2812 942 2893 ηδ
955 2810 1002 2884 δν,

231 2897 329 2977 έχονσα
350 2901 377 2957 ἐν
392 2903 460 2978 αὑτῇ
480 2902 572 2959 καὶτὸ
585 2898 654 2960 πολὺ
677 2901 723 2960 καλ
743 2901 774 2959 τδ
792 2901 893 2977 ἀλίγον·
910 2899 941 2959 τθ
957 2900 1004 2976 μέν

230 2992 280 3065 γὰρ
295 2986 433 3049 διπλάσιον
453 2988 533 3060 πολύ,
543 2988 575 3047 τδ
588 2988 616 3046 δέ
632 2988 716 3064 ἥμισυ
727 2989 829 3066 ὀλίγον,
847 2987 865 3045 ἀ
885 2990 955 3045 ἐστιν
975 2989 1002 3044 ἐν

1079 536 1112 610 τῇ
1127 532 1216 593 δυάδι·
1231 533 1288 595 ἔστι
1298 535 1324 595 δέ
1339 538 1444 597 ἐναντία
1457 545 1495 621 τῷ
1508 542 1563 616 ἐνί,
1578 543 1642 623 εἴγε
1655 548 1686 605 τὸ
1701 550 1748 627 μέν
1760 554 1852 613 ἀδιαί-

1079 640 1151 697 ρετον
1165 618 1195 679 εδ
1208 619 1236 680 δέ
1250 623 1416 703 διῃρημένον.
1432 624 1495 689 'lla
1508 630 1537 688 δέ
1552 630 1583 690 τδ
1599 632 1655 694 ἴσον
1676 639 1721 697 καὶ
1744 640 1774 699 τὸ
1790 642 1846 702 ἀνι-

1077 728 1121 764 σον
1141 706 1223 788 ἀρχάς
1237 709 1360 773 ἁπάντων
1374 716 1427 774 τῶν
1441 739 1471 775 τε
1485 716 1544 777 καθ’
1557 719 1627 779 αὑτδι
1640 721 1720 784 όντων
1735 726 1778 785 καί
1796 734 1850 785 τῶν

1076 795 1259 873 ἀντικειμένων
1274 802 1417 879 ἡγούμενος
1437 805 1569 865 δεικνύναι
1586 808 1689 889 (πάντα
1703 814 1753 891 γάρ
1775 819 1844 874 ἀπει-

1075 882 1137 951 piiss
1149 878 1184 941 ὡς
1198 879 1234 945 είς
1246 880 1416 942 ἁπλούστατα
1430 889 1514 943 ταῦτα
1530 886 1669 967 ἀνάγειν),
1684 898 1714 950 τὸ
1728 892 1774 969 μὲν
1788 896 1846 953 ἴσον

1072 964 1105 1039 τῇ
1122 963 1216 1037 μονάδι
1231 965 1359 1038 ἀνετίθει,
1372 968 1402 1027 τὸ
1417 967 1444 1027 δέ
1460 968 1549 1031 ἀνισον
1564 978 1597 1055 τῇ
1612 978 1729 1059 ὑπεροχῇ
1748 980 1794 1039 καί
1810 986 1846 1059 τῇ

1072 1046 1202 1129 ἐλλείψει·
1215 1052 1242 1109 ἐν
1258 1052 1315 1113 δυσὶ
1327 1055 1407 1133 γέιρὴ
1424 1057 1560 1131 ἀνισότης,
1573 1061 1682 1143 μεγάλῳ
1695 1088 1725 1123 τε
1740 1066 1785 1124 καί
1801 1092 1843 1143 με·

1070 1141 1141 1217 κρῷ,
1155 1138 1172 1196 ά
1186 1140 1256 1201 ἐστιν
1270 1142 1396 1223 ὑπερέχον
1410 1167 1438 1204 τε
1452 1146 1498 1207 καί
1508 1149 1638 1211 ἐλλεῖπον.
1654 1152 1702 1212 Διδ
1713 1153 1759 1211 καί
1773 1156 1845 1234 ἀόρι-

1072 1247 1133 1285 στον
1153 1226 1235 1299 αὑτὴν
1251 1227 1343 1289 ἐκάλει
1362 1230 1462 1309 δυάδα,
1486 1234 1525 1293 ότι
1548 1236 1706 1317 μηδέτερον,
1724 1242 1791 1316 μήτε
1813 1244 1846 1301 τὸ

1071 1312 1199 1393 ὑπερέχον
1214 1315 1281 1392 μήτε
1294 1317 1324 1375 τὸ
1337 1319 1529 1400 ὑπερεχόμενον
1538 1364 1547 1390 ,
1557 1324 1622 1383 καθὸ
1633 1332 1766 1401 τοιοῦτον,
1779 1334 1842 1409 daps·

1071 1400 1185 1478 σμένον,
1209 1403 1268 1464 ἀλλ’
1284 1404 1404 1485 ἀόριστόν
1422 1431 1451 1467 τε
1471 1409 1516 1469 καί
1534 1410 1650 1491 ἄπειρον.
1672 1412 1839 1492 Ὁρισθεῑσαν

1069 1487 1097 1548 δέ
1109 1492 1147 1569 τῷ
1162 1491 1200 1551 ut
1217 1490 1266 1563 τὴν
1286 1495 1409 1575 ἀόριστον
1428 1498 1513 1557 δυάδα
1525 1499 1658 1577 γίγνεσθαι
1673 1502 1721 1575 τὴν
1743 1506 1769 1562 ἐν
1790 1506 1843 1572 τοῖς

1070 1579 1189 1657 ἀριθμοῖς
1204 1580 1301 1639 δυάδα·
1317 1581 1344 1640 ἓν
1358 1582 1409 1659 γάρ
1426 1584 1541 1665 τξιείδει
1561 1591 1578 1658 ἡ
1601 1588 1662 1655 δυάς
1680 1594 1697 1661 ἡ
1718 1592 1838 1663 τοιαύτη.

1068 1662 1130 1725 Ι’ἐδτι
1142 1670 1245 1747 πρῶτος
1257 1669 1303 1745 μὲν
1317 1670 1425 1749 ἀριθμὸς
1439 1676 1455 1743 ἡ
1471 1674 1545 1740 δυάς·
1561 1673 1659 1747 ταύτης
1673 1680 1701 1735 δὲ
1717 1679 1799 1759 ἀρχαὶ
1808 1679 1841 1739 τό

1067 1774 1097 1811 τε
1116 1755 1243 1836 ὑπερέχον
1266 1757 1311 1817 καί
1333 1757 1363 1817 τὸ
1387 1762 1593 1841 ὑπερεχόμενον,
1616 1766 1674 1823 ἐπεὶ
1688 1768 1714 1823 ἐν
1735 1768 1782 1842 μέν
1804 1773 1837 1844 τῇ

1069 1839 1143 1901 δυάδι
1165 1842 1273 1923 πρόντῃῖ
1293 1845 1324 1905 τδ
1343 1846 1391 1922 μέν
1413 1848 1465 1927 γάρ
1483 1851 1618 1910 διπλάσιον
1641 1855 1686 1913 καὶ
1704 1854 1733 1912 τὸ
1755 1854 1839 1932 ἥμισυ

1068 1930 1195 2011 ὑπερέχον
1218 1934 1305 1991 τεκαὶ
1326 1935 1528 2013 ὑπερεχόμενον,
1542 1937 1629 1997 οάκίτι
1649 1938 1676 1998 δέ
1698 1940 1727 1999 τθ
1746 1943 1839 2023 ὑπερέ-

1068 2039 1117 2095 χον
1134 2019 1221 2078 τεκαὶ
1236 2021 1428 2100 ὑπερεχόμενον
1447 2025 1585 2085 διπλάσιον
1597 2027 1643 2087 καὶ
1661 2026 1758 2104 ἥμισυ·
1771 2028 1840 2091 ὥστε

1068 2111 1151 2166 ταῦτα
1172 2113 1217 2167 τοῦ
1239 2110 1376 2170 διπλασίου
1396 2102 1463 2170 εἶναι
1484 2123 1612 2194 στοιχεῖα.
1629 2116 1683 2175 Καὶ
1708 2118 1766 2177 ἐπεὶ
1786 2124 1839 2196 θρι-

1067 2190 1160 2251 σθέντα
1172 2194 1202 2252 τὸ
1215 2194 1343 2278 ὑπερέχον
1353 2221 1381 2256 τε
1397 2198 1442 2257 καί
1453 2198 1483 2257 τδ
1497 2200 1688 2279 ὑπερεχόμενον
1701 2205 1839 2265 διπλάσιον

1067 2279 1113 2338 καὶ
1144 2278 1228 2355 ἥμισυ
1252 2284 1368 2362 γίγνεται
1392 2286 1497 2363 [οὐκέτι
1524 2288 1576 2367 γέιρ
1602 2286 1711 2368 ἀόριστα
1738 2298 1837 2363 ταῦτα,

1065 2365 1154 2445 ὥσπερ
1167 2367 1225 2427 οὑδὲ
1239 2368 1269 2427 τὸ
1285 2372 1438 2449 τριπλάσιον
1453 2373 1498 2431 καὶ
1513 2372 1543 2433 τδ
1558 2374 1645 2454 τρίτον
1659 2376 1677 2447 ἢ
1691 2380 1841 2457 τετραπλά·

1065 2477 1121 2515 σιον
1144 2454 1189 2515 καὶ
1211 2457 1367 2536 τέταρτονῆ
1391 2484 1417 2519 τι
1437 2465 1488 2520 τῶν
1514 2462 1601 2521 ἀλλων
1621 2466 1672 2522 τῶν
1687 2466 1837 2543 ὡρισμένην

1064 2542 1236 2622 ἐχόντωντὴν
1251 2550 1382 2627 ὑπεροχὴν
1393 2548 1444 2619 ἤδη
1454 2553 1478 2627 ),
1496 2554 1572 2607 τοῦτο
1584 2550 1611 2609 δέ
1626 2557 1643 2623 ἡ
1658 2556 1703 2613 τού
1717 2552 1837 2634 ένδςιρύ-

1064 2654 1104 2700 τις
1117 2640 1186 2692 ποιεῖ
1199 2633 1242 2711 (ἓν
1253 2632 1306 2713 γθιρ
1318 2634 1446 2707 ἕκαστον,
1462 2638 1527 2697 καθδ
1537 2639 1596 2697 τόδε
1608 2638 1634 2697 τί
1647 2642 1701 2699 ἐστι
1714 2640 1760 2699 καί
1774 2646 1838 2721 ὡρι-

1062 2718 1186 2799 σμένον),
1201 2722 1242 2793 είη
1252 2722 1283 2780 ἀν
1295 2728 1423 2803 στοιχεῖον
1437 2728 1482 2796 τῆς
1498 2726 1589 2792 δυάδος
1602 2730 1649 2798 τῆς
1661 2730 1687 2785 ἐν
1702 2732 1756 2794 τοῖς
1766 2730 1836 2807 ἀριθ·

1063 2816 1121 2884 μοῖς
1133 2808 1163 2867 τό
1177 2832 1205 2868 τε
1220 2808 1248 2867 ἓν
1260 2810 1305 2870 καί
1321 2813 1350 2871 τό
1365 2812 1491 2890 μέγακαὶ
1510 2813 1541 2873 τδ
1558 2815 1661 2892 μικρόν.
1676 2815 1757 2875 ’llll
1778 2817 1830 2891 μὴν

1062 2900 1164 2975 πρῶτος
1178 2898 1316 2975 ἀριθμὸςὴ
1334 2899 1407 2967 δυάς·
1422 2906 1507 2960 ταῦτα
1519 2902 1571 2980 ἀρα
1585 2907 1631 2975 τῆς
1651 2904 1742 2969 δυάδος
1760 2926 1833 2961 στοι-

1061 2992 1132 3063 χεῖα.
1154 2986 1208 3047 Καὶ
1222 2984 1265 3044 διά
1283 2994 1392 3049 τοιαῦτα
1406 2988 1454 3064 μέν
1468 3012 1525 3048 τινα
1539 2990 1624 3070 ἀρχάς
1642 2996 1695 3051 τῶν
1711 3014 1738 3049 τε
1759 2995 1835 3066 ἀριθ-

620 3202 634 3244 2
804 3162 809 3169 ¹
1055 3190 1156 3255 duplum
1169 3190 1274 3270 multum
1286 3193 1337 3250 est,
1347 3190 1470 3239 dimidium
1485 3202 1542 3239 uem
1554 3202 1664 3253 paucum,
1674 3204 1729 3253 qum
1741 3192 1765 3239 ln
1775 3192 1831 3239 duu-

260 3272 380 3321 tiumems
404 3270 518 3334 prineipia
534 3285 614 3321 rerum
637 3286 691 3321 esse
713 3273 818 3322 Platonis
838 3276 864 3321 et
884 3272 1003 3335 Pythago·
1057 3278 1123 3329 litate
1139 3276 1228 3326 insunt.
1245 3278 1289 3325 Est
1303 3278 1382 3325 aulem
1397 3275 1498 3332 dualitas
1519 3276 1559 3324 uui
1577 3275 1696 3338 apposita,
1713 3276 1832 3339 siquidem

230 3371 326 3409 rausum
348 3358 463 3421 placitum
483 3358 535 3408 tuit.
562 3359 670 3409 Primum
692 3372 797 3423 namque
818 3360 1004 3422 incompositum
1058 3362 1116 3414 illud
1127 3364 1165 3413 est
1177 3361 1339 3423 individuum,
1354 3361 1407 3410 liaec
1421 3364 1499 3411 autem
1509 3360 1597 3412 divisa.
1612 3364 1731 3413 Praeterea
1745 3366 1833 3425 puitans

229 3446 288 3510 ipsis
308 3446 450 3510 pandulum
463 3459 518 3497 usse
532 3446 667 3497 videmus.
686 3450 762 3497 Ροτεο
778 3447 919 3511 corporibus
936 3447 1004 3511 plena
1057 3464 1085 3501 se
1108 3450 1273 3500 &monstrare
1292 3450 1385 3512 equale
1400 3451 1426 3499 et
1443 3449 1560 3513 insequuta
1577 3449 1690 3513 psiuslpis
1712 3462 1766 3499 esse
1781 3464 1832 3499 um·

229 3549 283 3585 usse
298 3534 394 3599 plion,
412 3535 558 3599 simpliciora
569 3537 632 3586 euim
651 3549 696 3585 uee
710 3538 837 3586 mulmeta
857 3536 932 3599 prium
950 3548 1005 3596 esse
1059 3540 1123 3590 nium
1137 3541 1188 3588 tum
1198 3550 1239 3601 pes
1249 3550 1275 3587 se
1288 3536 1463 3598 adstantium,
1475 3539 1527 3588 tum
1540 3537 1578 3587 llis
1589 3537 1765 3601 appositurum,
1774 3536 1836 3587 nillil

230 3625 327 3685 uatum
343 3622 419 3686 pisam
431 3624 514 3673 eadem
529 3624 621 3673 milone
636 3622 724 3684 liaeus,
739 3622 809 3673 tineis
828 3627 931 3686 puncta,
950 3635 1005 3685 quse
1058 3627 1121 3676 euim
1137 3609 1248 3687 νοθεύοίῑ
1267 3624 1431 3688 inexpertum,
1452 3628 1479 3675 nt
1491 3624 1520 3673 ad
1534 3625 1735 3687 simplicissimum
1753 3626 1835 3674 omnis

229 3724 243 3759 a
258 3710 432 3761 mathesuatiuis
443 3710 524 3775 sigas,
537 3712 569 3761 ab
578 3710 618 3761 llis
629 3712 732 3761 unitates
741 3710 922 3774 appellabantur
932 3730 938 3760 ν
949 3723 1004 3773 qum
1059 3714 1158 3777 referat,
1173 3714 1265 3777 aequate
1277 3715 1350 3763 retest
1365 3712 1394 3763 ad
1406 3713 1535 3776 unitatem,
1548 3714 1666 3777 inaequale
1681 3726 1739 3765 vero
1752 3715 1781 3763 ad
1794 3728 1836 3763 ex·

230 3800 346 3863 simplicia
362 3800 443 3850 amaia
454 3803 526 3862 suut,
542 3813 586 3850 nee
598 3798 686 3849 sahmi
704 3798 834 3861 quidquam
850 3801 906 3848 aute
923 3810 959 3848 se.
974 3801 1005 3847 lu
1058 3816 1153 3853 cessum
1169 3806 1193 3853 et
1209 3802 1337 3852 deiectum,
1356 3802 1508 3865 lmuuatitas
1525 3801 1591 3851 enim
1609 3802 1633 3851 ia
1646 3801 1755 3863 duobus,
1772 3802 1835 3851 inest

231 3888 333 3939 uilitates
347 3888 440 3939 ailmeri
459 3891 532 3950 sunt,
545 3888 638 3939 uumesi
656 3901 714 3952 eiga
726 3886 885 3951 prioressunt
900 3886 1003 3947 ωὑὺνο,
1058 3890 1156 3941 enimin
1174 3904 1259 3953 magno
1272 3892 1296 3941 et
1309 3903 1397 3953 ροενο,
1411 3892 1534 3954 quaesunt
1549 3890 1666 3941 excedens
1679 3888 1835 3942 etdetieienss

229 3980 253 4026 Εἴ
275 3978 386 4039 θθθθῑὶῑθ
407 3976 492 4026 ὑθΠῦίθ
510 3990 552 4039 Ρθῐ
569 3976 691 4026 mmm
709 3974 818 4038 idem‘1⁸¹0
835 3974 927 4037 priores
948 3976 1006 4023 ⁸¹¹⁰!
1063 3979 1224 4037 Quamobrem
1252 3979 1328 4041 ipsam
1355 3978 1492 4029 dualitatem
1512 3978 1660 4028 indefinitum
1685 3975 1833 4039 appellabat,

230 4062 315 4125 τοὺιιι,
334 4077 389 4127 quis
406 4064 437 4113 sd
457 4063 494 4114 sui
507 4064 629 4128 exemplar
643 4062 788 4124 amemur,
803 4064 828 4112 et
843 4060 944 4125 seipsis
958 4061 1003 4110 ha·
1059 4068 1121 4131 quud
1132 4072 1243 4118 neutrum
1253 4067 1369 4129 ipsorum,
1380 4079 1457 4129 neque
1469 4078 1584 4129 superans
1596 4077 1673 4127 nequae
1684 4066 1833 4125 superatum,

230 4152 285 4203 ΝΜ
304 4166 369 4213 ⁰⁸⁸0,
388 4165 448 4216 (1⁰⁸⁸
467 4152 533 4203 idm
550 4166 604 4203 ωδε
623 4152 704 4202 muttit
719 4152 851 4201 mimihilt
864 4149 1006 4201 wlfinum
1060 4158 1176 4218 quatenus
1185 4158 1222 4205 est
1237 4154 1300 4215 tale,
1315 4153 1497 4203 determinatum
1511 4154 1589 4215 esset,
1604 4150 1645 4200 sed
1665 4150 1835 4199 indetermina-

227 4241 367 4302 sanabatur,
379 4233 467 4291 ideireo
478 4241 568 4291 turmas
584 4254 697 4291 uumerus
712 4254 767 4290 esse
782 4239 885 4289 dicebat.
898 4238 924 4289 si
939 4238 1003 4287 euim
1059 4247 1112 4294 tum
1129 4245 1154 4293 et
1171 4242 1297 4292 infinitum.
1317 4243 1430 4292 ceterum
1449 4239 1586 4291 dualitatem
1605 4236 1766 4299 indefinitam,
1785 4250 1837 4287 unu

228 4328 361 4379 sutitadum
376 4330 442 4392 prius
457 4331 495 4379 est
510 4330 557 4390 iis,
574 4342 629 4392 que
640 4330 671 4379 ab
680 4330 732 4391 ipso
743 4328 877 4389 assisam,
892 4327 951 4377 uilsil
961 4340 1003 4376 au·
1059 4330 1225 4393 terminatam,
1248 4330 1299 4380 tiesi
1315 4329 1469 4391 dualitatem,
1488 4340 1544 4391 quse
1559 4324 1704 4376 innumeris
1722 4324 1833 4375 liabetur.

227 4420 278 4467 tem
291 4422 330 4467 est
349 4418 417 4481 psius
433 4430 550 4476 numam,
567 4419 677 4480 superest
691 4420 719 4467 ut
735 4417 820 4466 ianua
835 4415 928 4465 numeri
946 4414 1003 4465 siat.
1058 4418 1164 4467 Dualitas
1176 4416 1240 4467 enlm
1252 4416 1389 4479 huiusmodi
1399 4418 1436 4466 est
1447 4428 1520 4465 unum
1536 4413 1626 4477 speeie,
1641 4416 1755 4476 preterea
1770 4410 1834 4461 dua.

228 4506 344 4564 Quotiens
358 4518 513 4555 numerorum
534 4498 663 4569 ᾐτίαοίρίε,
678 4504 809 4554 luminum
821 4516 876 4553 esse
889 4502 1004 4565 principia
1057 4506 1111 4554 litas
1123 4505 1213 4567 primus
1225 4507 1261 4555 est
1273 4517 1394 4555 numerus.
1406 4502 1483 4566 liujus
1495 4514 1554 4553 vero
1568 4500 1683 4565 principia
1693 4502 1750 4549 suut
1762 4513 1833 4549 exee-

228 4593 335 4656 diesbst‚
347 4608 420 4643 uuum
441 4596 522 4643 sulem
535 4593 653 4643 emulum.
670 4594 789 4643 Praeterea
802 4592 891 4641 ianuas
904 4590 1003 4640 aliarum
1055 4593 1114 4645 deus
1126 4598 1150 4643 et
1161 4606 1299 4654 excessum,
1310 4594 1422 4655 quoniam
1433 4592 1458 4641 in
1470 4591 1546 4655 prims
1560 4589 1671 4639 dualitate
1685 4592 1720 4638 est
1732 4588 1831 4651 dilutum

228 4696 309 4733 rerum
323 4680 514 4744 οεισρνὶαοίρὶε,
526 4682 656 4731 lamiarum
666 4685 746 4730 autem
760 4693 815 4743 (μιαν
826 4678 919 4729 numeri
932 4681 1002 4740 sunt,
1055 4684 1080 4730 el
1092 4680 1231 4742 dimidium,
1244 4682 1343 4742 duplum
1360 4681 1440 4728 aulem
1453 4680 1477 4729 et
1488 4676 1613 4728 dimidium
1628 4678 1665 4727 est
1676 4675 1795 4727 exsudans
1807 4681 1833 4725 et

228 4770 399 4835 psindpiaesse
408 4769 482 4832 ipsius
491 4769 583 4818 numeri
592 4768 713 4832 principia.
722 4768 881 4818 Tumuumesi
888 4767 1004 4817 unitatem
1056 4779 1194 4829 excessum
1210 4781 1258 4831 quo
1279 4766 1304 4816 ut
1320 4770 1347 4817 ul
1366 4766 1419 4816 haee
1437 4766 1485 4815 siut
1501 4766 1616 4815 elementa
1632 4763 1706 4827 dupli.
1729 4763 1758 4812 Εῑ
1778 4762 1834 4825 quia

229 4860 253 4907 et
263 4857 401 4906 dualitatem
415 4854 529 4919 principia
540 4868 594 4904 esse
605 4853 769 4904 mndrmabel.
780 4858 839 4903 liam
852 4868 926 4917 quum
934 4854 965 4903 sil
978 4853 1003 4901 in
1058 4854 1176 4905 excedens
1194 4858 1218 4905 el
1234 4868 1359 4904 excessum
1377 4852 1534 4903 determinata
1553 4850 1651 4915 mptum
1668 4854 1692 4902 et
1707 4850 1832 4900 dimidium

229 4921 334 4996 numeris
344 4947 448 4995 unumst
457 4957 504 4994 nun
515 4956 600 5005 unum,
612 4942 676 5006 quud
685 4945 723 4993 est
736 4942 836 5004 plessei
844 4940 1003 5004 μευοηηιιοθ
1058 4942 1200 5001 eliciuntur,
1216 4942 1366 5005 nequeenim
1379 4941 1481 5005 amplius
1497 4940 1549 4990 haeu
1565 4941 1621 4989 suut
1637 4938 1833 4999 indeterminata,

229 5036 333 5097 smmum
344 5034 368 5082 iu
382 5032 439 5096 ipsis
455 5034 548 5082 nonest
562 5045 650 5092 unum,
665 5030 1004 5093 idmultummetpauuurum
1057 5044 1105 5081 uun
1121 5032 1195 5093 magis
1216 5042 1287 5093 quium
1302 5028 1398 5092 lriplum
1417 5028 1562 5094 tertiumque
1574 5028 1612 5077 vel
1633 5026 1791 5089 quadruplum
1809 5026 1832 5073 st

228 5119 369 5184 principium
389 5134 443 5171 esse
462 5118 563 5170 dueum
578 5118 687 5169 Primum
707 5118 790 5167 autem
810 5129 858 5167 uua
878 5130 954 5167 unum
967 5120 1005 5167 est
1056 5122 1167 5181 ultanum
1184 5122 1224 5167 aut
1237 5118 1337 5167 aliorum
1350 5116 1474 5181 quodque,
1487 5114 1626 5166 habentium
1638 5114 1687 5176 jam
1705 5124 1832 5164 excessum

228 5205 344 5268 dualitas,
356 5218 411 5269 quae
425 5205 449 5255 iu
464 5219 492 5256 se
503 5204 605 5255 muttum
617 5204 723 5256 sustinet
738 5206 810 5268 alque
819 5218 930 5269 palleum.
942 5208 1003 5256 liam
1057 5205 1254 5264 determinatum.
1265 5204 1310 5255 θον
1323 5208 1401 5256 autem
1413 5205 1468 5255 iacit
1478 5204 1549 5255 unius
1562 5206 1660 5264 nutura,
1673 5216 1747 5253 uuum
1757 5196 1832 5265 quud·
