4017 5984
847 784 1059 862 rnnra'no.
1380 812 1384 820 ’
1576 832 1615 868 vn

251 1005 253 1012 ,
298 942 451 1040 losopbi,
477 942 553 1036 ejus
573 944 780 1013 testimonio
802 943 916 1014 multo
946 944 1157 1040 ampliorem
1181 944 1345 1033 indicari,
1367 970 1475 1038 (quam
1502 947 1617 1042 qtralis

296 1065 393 1160 apud
424 1067 659 1164 Hermippum
694 1067 796 1161 cujus
824 1072 1037 1138 auctoritate
1068 1071 1196 1138 nititur
1225 1069 1328 1140 index
1355 1071 1418 1163 qui
1448 1086 1501 1139 est
1518 1071 1616 1167 apud

295 1190 491 1283 Diogenem
517 1191 697 1260 laertium
723 1205 759 1260 et
784 1197 1022 1284 Anonymum,
1051 1190 1228 1262 indicatus
1250 1207 1336 1261 erat.
1360 1192 1466 1278 Quod
1497 1209 1615 1264 tamen

295 1311 393 1382 baud
407 1313 455 1382 ita
469 1311 605 1384 dictum
614 1313 733 1400 velim,
746 1339 786 1384 ac
800 1315 827 1383 si
838 1313 935 1385 hunc
949 1315 1067 1409 ipsum
1078 1340 1269 1385 numerum
1282 1315 1376 1400 mille
1391 1315 1615 1386 voluminum

294 1457 361 1529 pro
379 1459 467 1506 vero
486 1451 594 1532 atque
608 1439 747 1508 sincero
765 1432 1013 1533 accipiendum
1043 1461 1119 1511 esse
1139 1461 1316 1507 censeam.
1340 1442 1438 1522 Quot
1457 1436 1539 1507 libri
1561 1464 1616 1508 re·

294 1583 375 1628 vera
392 1558 438 1630 ab
457 1561 642 1632 Aristotele
659 1562 854 1658 conscripti
876 1562 946 1630 sint
966 1563 1130 1654 ignorare
1157 1587 1214 1632 me
1230 1561 1332 1631 facile
1354 1549 1488 1656 patio'r,
1509 1561 1615 1632 dunr-

296 1681 405 1752 modo
418 1679 489 1754 hoc
503 1709 617 1754 unum
633 1684 854 1755 concedatur
869 1685 904 1754 in
920 1684 1037 1754 indice
1047 1686 1213 1778 Diogenis
1231 1685 1358 1755 Laertii
1372 1700 1408 1754 et
1424 1689 1613 1779 Anonymi,

293 1804 396 1898 cujus
416 1804 594 1877 librorum
614 1831 754 1878 summa
772 1809 933 1903 proxime
956 1806 1212 1877 adnumerum
1239 1832 1349 1903 quem
1371 1809 1439 1903 ipsi
1458 1806 1615 1878 indicant

293 1929 442 2010 accedit,
464 1929 809 2024 quadringentorum
831 1929 964 2000 scilicet
986 1929 1223 2018 voluminum,
1243 1955 1473 2025 nequaquam
1493 1933 1614 2014 omnia

294 2050 500 2148 philosophi
516 2054 647 2149 scripta
666 2053 853 2122 contineri.

341 2175 415 2245 Alia
433 2189 486 2244 est
500 2176 652 2271 quaestio
674 2199 755 2244 cum
771 2173 839 2244 hac
861 2175 1057 2245 arctissime
1071 2174 1264 2268 conjuncta
1280 2199 1345 2244 nec
1368 2177 1487 2245 minus
1500 2177 1613 2272 impe-

275 2295 379 2367 dita.
409 2297 498 2382 Quis
527 2298 622 2367 enim
656 2311 773 2393 speret
803 2321 839 2366 se
867 2297 950 2366 satis
975 2297 1216 2393 perspicacem
1241 2296 1339 2383 sore,
1375 2313 1414 2367 ut
1446 2322 1614 2391 germana

292 2434 327 2489 et
349 2421 575 2517 supposititia
597 2419 793 2489 Aristotelis
811 2419 955 2516 scripta,
977 2419 1097 2513 qualia
1114 2419 1188 2512 jam
1214 2408 1251 2490 in
1271 2421 1483 2515 antiquitate
1503 2421 1613 2492 multa

293 2542 398 2613 luisse
422 2567 489 2639 pro
512 2558 612 2613 certo
638 2541 769 2630 babeo,
793 2540 995 2612 discernere
1030 2545 1145 2612 valeat
1170 2570 1178 2611 :
1203 2544 1270 2612 nisi
1298 2546 1325 2613 si
1354 2544 1436 2640 quis
1464 2544 1613 2616 sortasse

292 2664 478 2737 ariolando
498 2666 661 2761 gaudeat,
686 2680 760 2752 aut,
785 2664 1008 2762 desperando
1030 2690 1106 2735 rem
1129 2665 1233 2736 aliter
1262 2666 1407 2737 decerni
1437 2692 1553 2763 posse,
1577 2669 1613 2740 in

292 2803 485 2858 extremam
501 2787 695 2884 quamdam
715 2789 925 2858 sententiam
946 2786 1065 2874 abeat,
1090 2790 1210 2858 omnia
1228 2790 1302 2860 sive
1320 2789 1419 2877 salsa,
1441 2791 1515 2861 sive
1532 2817 1614 2862 vera

282 2913 329 2982 'et
345 2912 499 3006 genuina
514 2911 709 3008 reputans?
726 2916 848 3006 Neque
867 2908 984 2979 solum
1001 2911 1134 3005 loquor
1147 2909 1193 2980 de
1212 2910 1312 2981 libris
1329 2936 1485 3006 quorum
1498 2911 1615 2984 nudos

278 3033 546 3107 'tantummodo
558 3033 682 3103 titulos
700 3033 736 3102 in
753 3031 930 3104 indicibus
945 3035 1081 3130 positos
1097 3033 1285 3120 habemus,
1306 3033 1485 3106 sedetiam
1500 3061 1614 3131 quum

291 3156 336 3228 de
354 3157 548 3255 iisscriptis
566 3156 776 3253 philosophi
794 3157 911 3250 agitur
932 3181 1012 3252 quae
1027 3171 1064 3226 et
1088 3155 1231 3226 aliunde
1252 3155 1358 3226 nobis
1379 3158 1615 3228 innotuerunt

291 3304 364 3350 non
383 3280 501 3350 minus
512 3281 636 3375 iniqua
649 3295 703 3350 est
719 3295 841 3350 nostra
861 3279 1035 3350 conditio.
1056 3279 1195 3350 Etenim
1215 3277 1260 3348 ad
1276 3303 1388 3348 unum
1404 3280 1478 3350 fere
1491 3305 1614 3350 omnes

291 3402 355 3496 qui
371 3401 598 3499 deperditum
614 3402 807 3499 quemdam
824 3401 1021 3472 Aristotelis
1035 3400 1168 3472 librum
1183 3400 1345 3490 iaudent,
1369 3401 1458 3472 nihil
1474 3401 1520 3474 de
1537 3403 1614 3496 ejus

291 3539 501 3617 argumento
516 3523 699 3594 ambituve
718 3522 871 3609 addunt,
892 3549 1011 3620 neque
1028 3524 1185 3594 indicare
1198 3539 1368 3620 praeterea
1384 3540 1511 3594 curant
1524 3549 1614 3620 quo·

290 3670 374 3718 nam
397 3647 478 3740 jure
498 3647 716 3745 philosopho
738 3647 941 3745 adscriptus
959 3649 1016 3718 sit.
1041 3653 1141 3717 Hanc
1161 3648 1268 3741 igitur
1285 3648 1516 3742 quaestionem
1536 3647 1611 3743 ple-

183 3769 186 3776 ’
233 3853 235 3858 Ι
291 3794 445 3864 rumque
456 3771 752 3866 neattingendam
763 3771 909 3867 quidem
922 3771 1058 3867 putavi.
1073 3768 1259 3865 Quidquid
1270 3767 1338 3838 sub
1349 3769 1613 3840 Aristotelisno-

292 3893 387 3960 mine
414 3915 456 3960 ex
475 3893 688 3986 antiquitate
707 3907 888 3964 servatum
903 3907 968 3980 est,
988 3891 1056 3962 sub
1078 3915 1151 3962 uno
1171 3891 1372 3986 eodemque
1401 3891 1506 3961 titulo
1536 3891 1613 3985 ejus

292 4013 574 4108 fragmentorum
594 4016 785 4112 complecti
805 4015 1011 4100 maluimus
1040 4015 1231 4109 segregatis
1251 4013 1502 4083 tantununodo
1525 4039 1613 4082 non-

290 4136 397 4207 nullis
413 4161 494 4232 quae
513 4139 599 4232 quin
613 4162 734 4208 errore
752 4139 825 4208 sive
838 4139 946 4208 etiam
965 4152 1089 4234 aperta
1101 4137 1225 4207 fraude
1236 4137 1416 4207 Aristoteli
1428 4138 1612 4234 supposita

290 4260 359 4330 sint
377 4261 556 4331 neminem
572 4260 821 4332 dubitaturum
841 4261 917 4331 sore
932 4285 1051 4358 spero.

338 4387 419 4454 Duo
443 4408 526 4455 vero
550 4399 634 4454 sunt
655 4409 783 4480 genera
807 4387 1023 4481 scriptorum
1052 4409 1132 4480 quaa
1156 4369 1224 4454 sub
1245 4385 1441 4454 Aristotelis
1468 4387 1612 4455 nornine

289 4507 593 4578 circumferuntur
607 4508 652 4578 dc
677 4508 809 4603 quibus
835 4508 924 4577 nihil
948 4508 1007 4578 hic
1026 4510 1246 4578 curavimus.
1275 4512 1396 4594 Quum
1424 4508 1520 4576 erum
1548 4533 1613 4604 per

291 4653 457 4719 magnam
486 4645 625 4726 partem
657 4631 828 4726 temporis
851 4629 949 4726 quod
985 4629 1142 4700 medium
1171 4654 1288 4699 aevum
1312 4628 1484 4725 appellari
1506 4629 1609 4720 solet,

290 4753 458 4846 Stagiritae
479 4778 610 4825 nomen
628 4755 730 4848 (quasi
750 4756 863 4850 ipsam
882 4755 1069 4824 scientiam
1098 4768 1380 4851 representaret,
1403 4752 1537 4820 sactum
1559 4769 1611 4823 est

290 4889 329 4943 ut
344 4899 387 4944 eo
402 4876 532 4970 mirum
550 4878 583 4946 in
606 4876 754 4946 unulnm
768 4875 1003 4947 abuterentur
1017 4903 1089 4947 non
1108 4877 1222 4948 solum
1239 4875 1377 4958 hrains,
1395 4875 1455 4944 scd
1476 4890 1510 4944 ct
1523 4875 1610 4945 doc-
