<?xml version="1.0" encoding="UTF-8"?>
<!DOCTYPE html PUBLIC "-//W3C//DTD XHTML 1.0 Transitional//EN"
    "http://www.w3.org/TR/xhtml1/DTD/xhtml1-transitional.dtd">
<html xmlns="http://www.w3.org/1999/xhtml" xml:lang="en" lang="en">
 <head>
  <title>
</title>
<meta http-equiv="Content-Type" content="text/html;charset=utf-8" />
  <meta name='ocr-system' content='tesseract 3.04.00' />
  <meta name='ocr-capabilities' content='ocr_page ocr_carea ocr_par ocr_line ocrx_word'/>
</head>
<body>
  <div class='ocr_page' id='page_1' title='image "./fragmentaaristo01heitgoog_0027.png"; bbox 0 0 4017 5984; ppageno 0'>
   <div class='ocr_carea' id='block_1_1' title="bbox 145 412 1712 631">
    <p class='ocr_par' dir='ltr' id='par_1_1' title="bbox 145 412 1712 631">
     <span class='ocr_line' id='line_1_1' title="bbox 145 412 1712 579; baseline 0.005 -49"><span class='ocrx_word' id='word_1_1' title='bbox 145 412 1712 579; x_wconf 53' lang='grc' dir='ltr'>ενιιινινιιινννιιννιπινιιιινννιιιαινπννιισινιιπινικννιατ</span> 
     </span>
     <span class='ocr_line' id='line_1_2' title="bbox 698 569 791 631; baseline 0 -39"><span class='ocrx_word' id='word_1_2' title='bbox 698 588 716 631; x_wconf 40' lang='grc' dir='ltr'>γ</span> <span class='ocrx_word' id='word_1_3' title='bbox 785 569 791 592; x_wconf 78' lang='grc'><em>,</em></span> 
     </span>
    </p>
   </div>
   <div class='ocr_carea' id='block_1_2' title="bbox 176 695 1690 914">
    <p class='ocr_par' dir='ltr' id='par_1_2' title="bbox 176 695 1690 914">
     <span class='ocr_line' id='line_1_3' title="bbox 176 695 1690 914; baseline 0.007 -10"><span class='ocrx_word' id='word_1_4' title='bbox 176 777 272 904; x_wconf 83' lang='lat' dir='ltr'><strong>ue</strong></span> <span class='ocrx_word' id='word_1_5' title='bbox 319 769 697 904; x_wconf 83' lang='lat' dir='ltr'><strong>lueremus</strong></span> <span class='ocrx_word' id='word_1_6' title='bbox 745 772 1148 903; x_wconf 77' lang='lat' dir='ltr'><strong>nrnnunuu</strong></span> <span class='ocrx_word' id='word_1_7' title='bbox 1194 695 1690 914; x_wconf 77' lang='lat' dir='ltr'><strong>untsuornus</strong></span> 
     </span>
    </p>
   </div>
   <div class='ocr_carea' id='block_1_3' title="bbox 556 1017 1308 1164">
    <p class='ocr_par' dir='ltr' id='par_1_3' title="bbox 556 1017 1308 1164">
     <span class='ocr_line' id='line_1_4' title="bbox 556 1017 1308 1164; baseline 0.008 -18"><span class='ocrx_word' id='word_1_8' title='bbox 556 1017 862 1164; x_wconf 76' lang='lat' dir='ltr'><strong>nouuuouu</strong></span> <span class='ocrx_word' id='word_1_9' title='bbox 900 1068 1308 1155; x_wconf 76' lang='lat' dir='ltr'><strong>lueremrurn</strong></span> 
     </span>
    </p>
   </div>
   <div class='ocr_carea' id='block_1_4' title="bbox 786 1303 1065 1342">
    <p class='ocr_par' dir='ltr' id='par_1_4' title="bbox 786 1303 1065 1342">
     <span class='ocr_line' id='line_1_5' title="bbox 786 1303 1065 1342; baseline 0.018 -16"><span class='ocrx_word' id='word_1_10' title='bbox 786 1303 1065 1342; x_wconf 42' lang='grc' dir='ltr'><strong>ψ-</strong></span> 
     </span>
    </p>
   </div>
   <div class='ocr_carea' id='block_1_5' title="bbox 131 1510 1738 4564">
    <p class='ocr_par' dir='ltr' id='par_1_5' title="bbox 131 1510 1738 2556">
     <span class='ocr_line' id='line_1_6' title="bbox 170 1510 1736 1595; baseline 0.006 -23"><span class='ocrx_word' id='word_1_11' title='bbox 170 1518 264 1588; x_wconf 86' lang='lat' dir='ltr'><strong>Quum</strong></span> <span class='ocrx_word' id='word_1_12' title='bbox 291 1513 348 1572; x_wconf 92' lang='lat' dir='ltr'><strong>tria</strong></span> <span class='ocrx_word' id='word_1_13' title='bbox 375 1512 435 1571; x_wconf 89' lang='lat' dir='ltr'><strong>sint</strong></span> <span class='ocrx_word' id='word_1_14' title='bbox 459 1511 581 1570; x_wconf 93' lang='lat' dir='ltr'><strong>omnino</strong></span> <span class='ocrx_word' id='word_1_15' title='bbox 601 1510 833 1570; x_wconf 71' lang='lat' dir='ltr'><strong>testimoniorum</strong></span> <span class='ocrx_word' id='word_1_16' title='bbox 854 1529 905 1586; x_wconf 84' lang='lat' dir='ltr'><strong>ge·</strong></span> <span class='ocrx_word' id='word_1_17' title='bbox 962 1511 1207 1590; x_wconf 65' lang='lat' dir='ltr'><strong>deindstsingulis</strong></span> <span class='ocrx_word' id='word_1_18' title='bbox 1218 1513 1311 1576; x_wconf 89' lang='lat' dir='ltr'><strong>titulis</strong></span> <span class='ocrx_word' id='word_1_19' title='bbox 1328 1517 1454 1595; x_wconf 88' lang='lat' dir='ltr'><strong>appositi</strong></span> <span class='ocrx_word' id='word_1_20' title='bbox 1468 1537 1572 1578; x_wconf 87' lang='lat' dir='ltr'><strong>eorum</strong></span> <span class='ocrx_word' id='word_1_21' title='bbox 1584 1521 1688 1578; x_wconf 89' lang='lat' dir='ltr'><strong>seriem</strong></span> <span class='ocrx_word' id='word_1_22' title='bbox 1702 1523 1736 1582; x_wconf 87' lang='lat' dir='ltr'><strong>in</strong></span> 
     </span>
     <span class='ocr_line' id='line_1_7' title="bbox 132 1597 1734 1680; baseline 0.004 -20"><span class='ocrx_word' id='word_1_23' title='bbox 132 1619 250 1672; x_wconf 89' lang='lat' dir='ltr'><strong>nera‚e</strong></span> <span class='ocrx_word' id='word_1_24' title='bbox 273 1598 381 1678; x_wconf 86' lang='lat' dir='ltr'><strong>quibus</strong></span> <span class='ocrx_word' id='word_1_25' title='bbox 402 1597 619 1678; x_wconf 75' lang='lat' dir='ltr'><strong>deperditarum</strong></span> <span class='ocrx_word' id='word_1_26' title='bbox 643 1598 807 1658; x_wconf 78' lang='lat' dir='ltr'><strong>Aristotelis</strong></span> <span class='ocrx_word' id='word_1_27' title='bbox 828 1597 902 1656; x_wconf 91' lang='lat' dir='ltr'><strong>scri·</strong></span> <span class='ocrx_word' id='word_1_28' title='bbox 963 1601 1070 1672; x_wconf 85' lang='lat' dir='ltr'><strong>altero,</strong></span> <span class='ocrx_word' id='word_1_29' title='bbox 1086 1601 1138 1678; x_wconf 93' lang='lat' dir='ltr'><strong>qui</strong></span> <span class='ocrx_word' id='word_1_30' title='bbox 1163 1602 1308 1680; x_wconf 77' lang='lat' dir='ltr'><strong>Anonymi</strong></span> <span class='ocrx_word' id='word_1_31' title='bbox 1323 1617 1457 1676; x_wconf 86' lang='lat' dir='ltr'><strong>vocatur,</strong></span> <span class='ocrx_word' id='word_1_32' title='bbox 1472 1606 1571 1665; x_wconf 91' lang='lat' dir='ltr'><strong>indice</strong></span> <span class='ocrx_word' id='word_1_33' title='bbox 1584 1607 1734 1668; x_wconf 83' lang='lat' dir='ltr'><strong>declarant</strong></span> 
     </span>
     <span class='ocr_line' id='line_1_8' title="bbox 132 1685 1736 1772; baseline 0.004 -26"><span class='ocrx_word' id='word_1_34' title='bbox 132 1701 246 1767; x_wconf 88' lang='lat' dir='ltr'><strong>ptorum</strong></span> <span class='ocrx_word' id='word_1_35' title='bbox 269 1687 401 1746; x_wconf 77' lang='lat' dir='ltr'><strong>notitiam</strong></span> <span class='ocrx_word' id='word_1_36' title='bbox 427 1687 546 1745; x_wconf 82' lang='lat' dir='ltr'><strong>haurire</strong></span> <span class='ocrx_word' id='word_1_37' title='bbox 573 1686 676 1755; x_wconf 87' lang='lat' dir='ltr'><strong>liceat,</strong></span> <span class='ocrx_word' id='word_1_38' title='bbox 703 1706 767 1764; x_wconf 78' lang='lat' dir='ltr'><strong>quse</strong></span> <span class='ocrx_word' id='word_1_39' title='bbox 793 1685 829 1744; x_wconf 90' lang='lat' dir='ltr'><strong>de</strong></span> <span class='ocrx_word' id='word_1_40' title='bbox 855 1685 900 1743; x_wconf 87' lang='lat' dir='ltr'><strong>his</strong></span> <span class='ocrx_word' id='word_1_41' title='bbox 963 1700 995 1743; x_wconf 88' lang='lat' dir='ltr'><strong>ut</strong></span> <span class='ocrx_word' id='word_1_42' title='bbox 1014 1687 1129 1747; x_wconf 83' lang='lat' dir='ltr'><strong>facilius</strong></span> <span class='ocrx_word' id='word_1_43' title='bbox 1147 1688 1217 1748; x_wconf 89' lang='lat' dir='ltr'><strong>inde</strong></span> <span class='ocrx_word' id='word_1_44' title='bbox 1236 1691 1431 1768; x_wconf 80' lang='lat' dir='ltr'><strong>perspiciatur</strong></span> <span class='ocrx_word' id='word_1_45' title='bbox 1449 1693 1521 1770; x_wconf 88' lang='lat' dir='ltr'><strong>quid</strong></span> <span class='ocrx_word' id='word_1_46' title='bbox 1540 1693 1659 1770; x_wconf 86' lang='lat' dir='ltr'><strong>utrique</strong></span> <span class='ocrx_word' id='word_1_47' title='bbox 1679 1715 1736 1772; x_wconf 86' lang='lat' dir='ltr'><strong>pe·</strong></span> 
     </span>
     <span class='ocr_line' id='line_1_9' title="bbox 134 1772 1735 1855; baseline 0.003 -20"><span class='ocrx_word' id='word_1_48' title='bbox 134 1776 208 1855; x_wconf 88' lang='lat' dir='ltr'><strong>apud</strong></span> <span class='ocrx_word' id='word_1_49' title='bbox 240 1777 335 1854; x_wconf 87' lang='lat' dir='ltr'><strong>ipsum</strong></span> <span class='ocrx_word' id='word_1_50' title='bbox 359 1773 568 1854; x_wconf 87' lang='lat' dir='ltr'><strong>philosophum</strong></span> <span class='ocrx_word' id='word_1_51' title='bbox 608 1773 759 1848; x_wconf 86' lang='lat' dir='ltr'><strong>leguntur,</strong></span> <span class='ocrx_word' id='word_1_52' title='bbox 796 1772 903 1832; x_wconf 84' lang='lat' dir='ltr'><strong>tabulae</strong></span> <span class='ocrx_word' id='word_1_53' title='bbox 962 1774 1072 1834; x_wconf 85' lang='lat' dir='ltr'><strong>euliare</strong></span> <span class='ocrx_word' id='word_1_54' title='bbox 1101 1776 1148 1837; x_wconf 90' lang='lat' dir='ltr'><strong>sit.</strong></span> <span class='ocrx_word' id='word_1_55' title='bbox 1193 1779 1338 1837; x_wconf 75' lang='lat' dir='ltr'><strong>Asteriseo</strong></span> <span class='ocrx_word' id='word_1_56' title='bbox 1363 1793 1457 1838; x_wconf 88' lang='lat' dir='ltr'><strong>autem</strong></span> <span class='ocrx_word' id='word_1_57' title='bbox 1483 1780 1525 1838; x_wconf 91' lang='lat' dir='ltr'><strong>ita</strong></span> <span class='ocrx_word' id='word_1_58' title='bbox 1548 1782 1594 1838; x_wconf 90' lang='lat' dir='ltr'><strong>usi</strong></span> <span class='ocrx_word' id='word_1_59' title='bbox 1619 1801 1735 1855; x_wconf 82' lang='lat' dir='ltr'><strong>sumus,</strong></span> 
     </span>
     <span class='ocr_line' id='line_1_10' title="bbox 132 1859 1731 1946; baseline 0.003 -24"><span class='ocrx_word' id='word_1_60' title='bbox 132 1864 234 1924; x_wconf 90' lang='lat' dir='ltr'><strong>deinde</strong></span> <span class='ocrx_word' id='word_1_61' title='bbox 249 1864 396 1923; x_wconf 89' lang='lat' dir='ltr'><strong>librorum</strong></span> <span class='ocrx_word' id='word_1_62' title='bbox 412 1862 465 1939; x_wconf 93' lang='lat' dir='ltr'><strong>qui</strong></span> <span class='ocrx_word' id='word_1_63' title='bbox 484 1863 516 1919; x_wconf 93' lang='lat' dir='ltr'><strong>in</strong></span> <span class='ocrx_word' id='word_1_64' title='bbox 531 1862 704 1939; x_wconf 80' lang='lat' dir='ltr'><strong>antiquitate</strong></span> <span class='ocrx_word' id='word_1_65' title='bbox 718 1860 774 1920; x_wconf 91' lang='lat' dir='ltr'><strong>sub</strong></span> <span class='ocrx_word' id='word_1_66' title='bbox 789 1859 903 1918; x_wconf 77' lang='lat' dir='ltr'><strong>Aristo-</strong></span> <span class='ocrx_word' id='word_1_67' title='bbox 964 1873 997 1918; x_wconf 84' lang='lat' dir='ltr'><strong>ut</strong></span> <span class='ocrx_word' id='word_1_68' title='bbox 1015 1861 1102 1920; x_wconf 90' lang='lat' dir='ltr'><strong>semel</strong></span> <span class='ocrx_word' id='word_1_69' title='bbox 1125 1862 1241 1923; x_wconf 89' lang='lat' dir='ltr'><strong>additus</strong></span> <span class='ocrx_word' id='word_1_70' title='bbox 1255 1865 1324 1923; x_wconf 92' lang='lat' dir='ltr'><strong>illos</strong></span> <span class='ocrx_word' id='word_1_71' title='bbox 1342 1865 1508 1944; x_wconf 74' lang='lat' dir='ltr'><strong>designaret</strong></span> <span class='ocrx_word' id='word_1_72' title='bbox 1520 1867 1638 1939; x_wconf 88' lang='lat' dir='ltr'><strong>titulos,</strong></span> <span class='ocrx_word' id='word_1_73' title='bbox 1659 1888 1731 1946; x_wconf 90' lang='lat' dir='ltr'><strong>quo·</strong></span> 
     </span>
     <span class='ocr_line' id='line_1_11' title="bbox 133 1949 1737 2033; baseline 0.004 -24"><span class='ocrx_word' id='word_1_74' title='bbox 133 1953 194 2011; x_wconf 88' lang='lat' dir='ltr'><strong>telis</strong></span> <span class='ocrx_word' id='word_1_75' title='bbox 214 1951 334 2010; x_wconf 91' lang='lat' dir='ltr'><strong>nomine</strong></span> <span class='ocrx_word' id='word_1_76' title='bbox 355 1949 591 2028; x_wconf 79' lang='lat' dir='ltr'><strong>perferebantur,</strong></span> <span class='ocrx_word' id='word_1_77' title='bbox 609 1961 758 2028; x_wconf 89' lang='lat' dir='ltr'><strong>postremo</strong></span> <span class='ocrx_word' id='word_1_78' title='bbox 781 1952 903 2008; x_wconf 84' lang='lat' dir='ltr'><strong>variae</strong></span> <span class='ocrx_word' id='word_1_79' title='bbox 963 1968 1029 2006; x_wconf 89' lang='lat' dir='ltr'><strong>rum</strong></span> <span class='ocrx_word' id='word_1_80' title='bbox 1053 1949 1164 2008; x_wconf 90' lang='lat' dir='ltr'><strong>mentio</strong></span> <span class='ocrx_word' id='word_1_81' title='bbox 1185 1950 1257 2009; x_wconf 92' lang='lat' dir='ltr'><strong>alibi</strong></span> <span class='ocrx_word' id='word_1_82' title='bbox 1283 1972 1400 2030; x_wconf 87' lang='lat' dir='ltr'><strong>quoque</strong></span> <span class='ocrx_word' id='word_1_83' title='bbox 1424 1955 1566 2025; x_wconf 88' lang='lat' dir='ltr'><strong>occurrit,</strong></span> <span class='ocrx_word' id='word_1_84' title='bbox 1593 1958 1737 2033; x_wconf 87' lang='lat' dir='ltr'><strong>repetitus</strong></span> 
     </span>
     <span class='ocr_line' id='line_1_12' title="bbox 131 2037 1734 2122; baseline 0.002 -24"><span class='ocrx_word' id='word_1_85' title='bbox 131 2042 291 2120; x_wconf 84' lang='lat' dir='ltr'><strong>deperditis</strong></span> <span class='ocrx_word' id='word_1_86' title='bbox 300 2039 386 2100; x_wconf 92' lang='lat' dir='ltr'><strong>libris</strong></span> <span class='ocrx_word' id='word_1_87' title='bbox 396 2039 460 2116; x_wconf 91' lang='lat' dir='ltr'><strong>ejus</strong></span> <span class='ocrx_word' id='word_1_88' title='bbox 471 2039 644 2116; x_wconf 82' lang='lat' dir='ltr'><strong>fragmenta,</strong></span> <span class='ocrx_word' id='word_1_89' title='bbox 657 2058 710 2116; x_wconf 90' lang='lat' dir='ltr'><strong>per</strong></span> <span class='ocrx_word' id='word_1_90' title='bbox 719 2040 899 2098; x_wconf 89' lang='lat' dir='ltr'><strong>occasionem</strong></span> <span class='ocrx_word' id='word_1_91' title='bbox 963 2055 1050 2108; x_wconf 86' lang='lat' dir='ltr'><strong>vero,</strong></span> <span class='ocrx_word' id='word_1_92' title='bbox 1069 2037 1120 2114; x_wconf 90' lang='lat' dir='ltr'><strong>qui</strong></span> <span class='ocrx_word' id='word_1_93' title='bbox 1137 2037 1172 2096; x_wconf 85' lang='lat' dir='ltr'><strong>ad</strong></span> <span class='ocrx_word' id='word_1_94' title='bbox 1186 2042 1358 2116; x_wconf 78' lang='lat' dir='ltr'><strong>superstites</strong></span> <span class='ocrx_word' id='word_1_95' title='bbox 1372 2041 1541 2121; x_wconf 79' lang='lat' dir='ltr'><strong>philosophi</strong></span> <span class='ocrx_word' id='word_1_96' title='bbox 1556 2042 1650 2102; x_wconf 90' lang='lat' dir='ltr'><strong>libros</strong></span> <span class='ocrx_word' id='word_1_97' title='bbox 1667 2064 1734 2122; x_wconf 90' lang='lat' dir='ltr'><strong>per·</strong></span> 
     </span>
     <span class='ocr_line' id='line_1_13' title="bbox 133 2123 1733 2209; baseline 0.003 -23"><span class='ocrx_word' id='word_1_98' title='bbox 133 2128 168 2186; x_wconf 88' lang='lat' dir='ltr'><strong>ab</strong></span> <span class='ocrx_word' id='word_1_99' title='bbox 192 2128 323 2205; x_wconf 83' lang='lat' dir='ltr'><strong>antiquis</strong></span> <span class='ocrx_word' id='word_1_100' title='bbox 341 2126 538 2204; x_wconf 84' lang='lat' dir='ltr'><strong>scriptoribus</strong></span> <span class='ocrx_word' id='word_1_101' title='bbox 560 2125 663 2197; x_wconf 84' lang='lat' dir='ltr'><strong>allata,</strong></span> <span class='ocrx_word' id='word_1_102' title='bbox 679 2126 904 2200; x_wconf 86' lang='lat' dir='ltr'><strong>quaestionema</strong></span> <span class='ocrx_word' id='word_1_103' title='bbox 963 2123 1058 2182; x_wconf 89' lang='lat' dir='ltr'><strong>tinere</strong></span> <span class='ocrx_word' id='word_1_104' title='bbox 1083 2124 1236 2197; x_wconf 59' lang='lat' dir='ltr'><strong>videntum</strong></span> <span class='ocrx_word' id='word_1_105' title='bbox 1264 2128 1341 2186; x_wconf 88' lang='lat' dir='ltr'><strong>inter</strong></span> <span class='ocrx_word' id='word_1_106' title='bbox 1357 2130 1502 2188; x_wconf 87' lang='lat' dir='ltr'><strong>cancellos</strong></span> <span class='ocrx_word' id='word_1_107' title='bbox 1521 2150 1595 2189; x_wconf 82' lang='lat' dir='ltr'><strong>vero</strong></span> <span class='ocrx_word' id='word_1_108' title='bbox 1617 2132 1733 2209; x_wconf 88' lang='lat' dir='ltr'><strong>positus</strong></span> 
     </span>
     <span class='ocr_line' id='line_1_14' title="bbox 133 2211 1731 2295; baseline 0.003 -21"><span class='ocrx_word' id='word_1_109' title='bbox 133 2216 241 2276; x_wconf 83' lang='lat' dir='ltr'><strong>tubulis</strong></span> <span class='ocrx_word' id='word_1_110' title='bbox 250 2213 451 2293; x_wconf 80' lang='lat' dir='ltr'><strong>incipiendam</strong></span> <span class='ocrx_word' id='word_1_111' title='bbox 464 2213 620 2285; x_wconf 85' lang='lat' dir='ltr'><strong>duximus,</strong></span> <span class='ocrx_word' id='word_1_112' title='bbox 632 2231 704 2290; x_wconf 89' lang='lat' dir='ltr'><strong>quas</strong></span> <span class='ocrx_word' id='word_1_113' title='bbox 718 2213 845 2290; x_wconf 90' lang='lat' dir='ltr'><strong>primum</strong></span> <span class='ocrx_word' id='word_1_114' title='bbox 859 2211 905 2270; x_wconf 90' lang='lat' dir='ltr'><strong>in·</strong></span> <span class='ocrx_word' id='word_1_115' title='bbox 964 2211 1118 2270; x_wconf 81' lang='lat' dir='ltr'><strong>asteriscus</strong></span> <span class='ocrx_word' id='word_1_116' title='bbox 1131 2211 1171 2292; x_wconf 76' lang='lat'><strong>(⁴)</strong></span> <span class='ocrx_word' id='word_1_117' title='bbox 1184 2213 1255 2271; x_wconf 85' lang='lat' dir='ltr'><strong>tales</strong></span> <span class='ocrx_word' id='word_1_118' title='bbox 1269 2213 1380 2272; x_wconf 86' lang='lat' dir='ltr'><strong>indicat</strong></span> <span class='ocrx_word' id='word_1_119' title='bbox 1393 2215 1500 2290; x_wconf 85' lang='lat' dir='ltr'><strong>libros,</strong></span> <span class='ocrx_word' id='word_1_120' title='bbox 1516 2217 1656 2295; x_wconf 84' lang='lat' dir='ltr'><strong>equibus</strong></span> <span class='ocrx_word' id='word_1_121' title='bbox 1677 2221 1731 2279; x_wconf 90' lang='lat' dir='ltr'><strong>etsi</strong></span> 
     </span>
     <span class='ocr_line' id='line_1_15' title="bbox 131 2298 1733 2382; baseline 0 -20"><span class='ocrx_word' id='word_1_122' title='bbox 131 2316 223 2378; x_wconf 86' lang='lat' dir='ltr'><strong>tegras</strong></span> <span class='ocrx_word' id='word_1_123' title='bbox 237 2320 426 2382; x_wconf 88' lang='lat' dir='ltr'><strong>apponemus,</strong></span> <span class='ocrx_word' id='word_1_124' title='bbox 443 2299 480 2358; x_wconf 92' lang='lat' dir='ltr'><strong>de</strong></span> <span class='ocrx_word' id='word_1_125' title='bbox 493 2300 679 2377; x_wconf 85' lang='lat' dir='ltr'><strong>singularum</strong></span> <span class='ocrx_word' id='word_1_126' title='bbox 695 2311 796 2370; x_wconf 71' lang='lat' dir='ltr'><strong>atate,</strong></span> <span class='ocrx_word' id='word_1_127' title='bbox 812 2298 901 2358; x_wconf 88' lang='lat' dir='ltr'><strong>ratio·</strong></span> <span class='ocrx_word' id='word_1_128' title='bbox 963 2317 1023 2355; x_wconf 91' lang='lat' dir='ltr'><strong>non</strong></span> <span class='ocrx_word' id='word_1_129' title='bbox 1036 2299 1238 2370; x_wconf 86' lang='lat' dir='ltr'><strong>nominantur,</strong></span> <span class='ocrx_word' id='word_1_130' title='bbox 1254 2299 1411 2376; x_wconf 75' lang='lat' dir='ltr'><strong>fragmenta</strong></span> <span class='ocrx_word' id='word_1_131' title='bbox 1427 2315 1522 2362; x_wconf 84' lang='lat' dir='ltr'><strong>tnnren</strong></span> <span class='ocrx_word' id='word_1_132' title='bbox 1534 2302 1656 2362; x_wconf 88' lang='lat' dir='ltr'><strong>fortasse</strong></span> <span class='ocrx_word' id='word_1_133' title='bbox 1670 2324 1733 2364; x_wconf 92' lang='lat' dir='ltr'><strong>ser·</strong></span> 
     </span>
     <span class='ocr_line' id='line_1_16' title="bbox 132 2386 1736 2466; baseline 0.002 -20"><span class='ocrx_word' id='word_1_134' title='bbox 132 2389 235 2461; x_wconf 88' lang='lat' dir='ltr'><strong>nibus,</strong></span> <span class='ocrx_word' id='word_1_135' title='bbox 252 2391 439 2458; x_wconf 84' lang='lat' dir='ltr'><strong>auctoritate,</strong></span> <span class='ocrx_word' id='word_1_136' title='bbox 462 2407 548 2464; x_wconf 75' lang='lat' dir='ltr'><strong>(quiam</strong></span> <span class='ocrx_word' id='word_1_137' title='bbox 569 2387 743 2446; x_wconf 83' lang='lat' dir='ltr'><strong>brevissime</strong></span> <span class='ocrx_word' id='word_1_138' title='bbox 767 2386 900 2466; x_wconf 78' lang='lat' dir='ltr'><strong>‹lisputa—</strong></span> <span class='ocrx_word' id='word_1_139' title='bbox 961 2397 1028 2443; x_wconf 83' lang='lat' dir='ltr'><strong>vata</strong></span> <span class='ocrx_word' id='word_1_140' title='bbox 1041 2399 1117 2446; x_wconf 91' lang='lat' dir='ltr'><strong>sunt.</strong></span> <span class='ocrx_word' id='word_1_141' title='bbox 1132 2387 1284 2462; x_wconf 88' lang='lat' dir='ltr'><strong>Duplicem</strong></span> <span class='ocrx_word' id='word_1_142' title='bbox 1297 2388 1424 2466; x_wconf 86' lang='lat' dir='ltr'><strong>denique</strong></span> <span class='ocrx_word' id='word_1_143' title='bbox 1438 2389 1576 2451; x_wconf 85' lang='lat' dir='ltr'><strong>cancellis</strong></span> <span class='ocrx_word' id='word_1_144' title='bbox 1586 2391 1736 2450; x_wconf 88' lang='lat' dir='ltr'><strong>inclusum</strong></span> 
     </span>
     <span class='ocr_line' id='line_1_17' title="bbox 131 2471 1738 2556; baseline 0.002 -20"><span class='ocrx_word' id='word_1_145' title='bbox 131 2479 200 2538; x_wconf 88' lang='lat' dir='ltr'><strong>turi.</strong></span> <span class='ocrx_word' id='word_1_146' title='bbox 961 2471 1020 2552; x_wconf 69' lang='lat'><strong>(⁴⁴)</strong></span> <span class='ocrx_word' id='word_1_147' title='bbox 1044 2474 1106 2533; x_wconf 89' lang='lat' dir='ltr'><strong>illis</strong></span> <span class='ocrx_word' id='word_1_148' title='bbox 1120 2475 1310 2553; x_wconf 85' lang='lat' dir='ltr'><strong>apposuimus</strong></span> <span class='ocrx_word' id='word_1_149' title='bbox 1324 2477 1438 2548; x_wconf 90' lang='lat' dir='ltr'><strong>titulis,</strong></span> <span class='ocrx_word' id='word_1_150' title='bbox 1455 2478 1491 2537; x_wconf 89' lang='lat' dir='ltr'><strong>de</strong></span> <span class='ocrx_word' id='word_1_151' title='bbox 1509 2478 1617 2556; x_wconf 91' lang='lat' dir='ltr'><strong>quibus</strong></span> <span class='ocrx_word' id='word_1_152' title='bbox 1637 2481 1738 2539; x_wconf 87' lang='lat' dir='ltr'><strong>minus</strong></span> 
     </span>
    </p>

    <p class='ocr_par' dir='ltr' id='par_1_6' title="bbox 132 2563 1733 2730">
     <span class='ocr_line' id='line_1_18' title="bbox 170 2563 1733 2643; baseline 0.001 -19"><span class='ocrx_word' id='word_1_153' title='bbox 170 2571 250 2624; x_wconf 89' lang='lat' dir='ltr'><strong>Inter</strong></span> <span class='ocrx_word' id='word_1_154' title='bbox 268 2565 355 2624; x_wconf 86' lang='lat' dir='ltr'><strong>hosce</strong></span> <span class='ocrx_word' id='word_1_155' title='bbox 376 2583 446 2623; x_wconf 85' lang='lat' dir='ltr'><strong>vcro</strong></span> <span class='ocrx_word' id='word_1_156' title='bbox 461 2564 573 2624; x_wconf 87' lang='lat' dir='ltr'><strong>indices</strong></span> <span class='ocrx_word' id='word_1_157' title='bbox 597 2575 629 2621; x_wconf 90' lang='lat' dir='ltr'><strong>ut</strong></span> <span class='ocrx_word' id='word_1_158' title='bbox 651 2564 904 2642; x_wconf 87' lang='lat' dir='ltr'><strong>antiquissimum,</strong></span> <span class='ocrx_word' id='word_1_159' title='bbox 962 2574 1073 2620; x_wconf 88' lang='lat' dir='ltr'><strong>eertum</strong></span> <span class='ocrx_word' id='word_1_160' title='bbox 1098 2575 1161 2637; x_wconf 89' lang='lat' dir='ltr'><strong>est,</strong></span> <span class='ocrx_word' id='word_1_161' title='bbox 1184 2582 1221 2621; x_wconf 91' lang='lat' dir='ltr'><strong>an</strong></span> <span class='ocrx_word' id='word_1_162' title='bbox 1253 2563 1289 2621; x_wconf 88' lang='lat' dir='ltr'><strong>ad</strong></span> <span class='ocrx_word' id='word_1_163' title='bbox 1316 2567 1489 2643; x_wconf 84' lang='lat' dir='ltr'><strong>superstites</strong></span> <span class='ocrx_word' id='word_1_164' title='bbox 1514 2565 1609 2625; x_wconf 89' lang='lat' dir='ltr'><strong>libros</strong></span> <span class='ocrx_word' id='word_1_165' title='bbox 1630 2567 1733 2629; x_wconf 79' lang='lat' dir='ltr'><strong>referri</strong></span> 
     </span>
     <span class='ocr_line' id='line_1_19' title="bbox 132 2647 1096 2730; baseline -0.001 -20"><span class='ocrx_word' id='word_1_166' title='bbox 132 2654 218 2711; x_wconf 89' lang='lat' dir='ltr'><strong>itaet</strong></span> <span class='ocrx_word' id='word_1_167' title='bbox 238 2652 325 2728; x_wconf 86' lang='lat' dir='ltr'><strong>longe</strong></span> <span class='ocrx_word' id='word_1_168' title='bbox 347 2650 621 2730; x_wconf 76' lang='lat' dir='ltr'><strong>praestantissimum</strong></span> <span class='ocrx_word' id='word_1_169' title='bbox 642 2669 708 2710; x_wconf 92' lang='lat' dir='ltr'><strong>eum</strong></span> <span class='ocrx_word' id='word_1_170' title='bbox 730 2669 793 2711; x_wconf 86' lang='lat' dir='ltr'><strong>esse</strong></span> <span class='ocrx_word' id='word_1_171' title='bbox 814 2669 899 2728; x_wconf 81' lang='lat' dir='ltr'><strong>quens</strong></span> <span class='ocrx_word' id='word_1_172' title='bbox 962 2647 1096 2710; x_wconf 87' lang='lat' dir='ltr'><strong>debeant.</strong></span> 
     </span>
    </p>

    <p class='ocr_par' dir='ltr' id='par_1_7' title="bbox 131 2735 1738 3252">
     <span class='ocr_line' id='line_1_20' title="bbox 132 2735 1737 2818; baseline 0.002 -21"><span class='ocrx_word' id='word_1_173' title='bbox 132 2741 278 2817; x_wconf 82' lang='lat' dir='ltr'><strong>Diogenes</strong></span> <span class='ocrx_word' id='word_1_174' title='bbox 290 2737 424 2797; x_wconf 86' lang='lat' dir='ltr'><strong>Laertius</strong></span> <span class='ocrx_word' id='word_1_175' title='bbox 438 2739 468 2797; x_wconf 91' lang='lat' dir='ltr'><strong>in</strong></span> <span class='ocrx_word' id='word_1_176' title='bbox 480 2739 539 2797; x_wconf 83' lang='lat' dir='ltr'><strong>vita</strong></span> <span class='ocrx_word' id='word_1_177' title='bbox 554 2737 724 2818; x_wconf 86' lang='lat' dir='ltr'><strong>philosophi</strong></span> <span class='ocrx_word' id='word_1_178' title='bbox 739 2740 902 2816; x_wconf 83' lang='lat' dir='ltr'><strong>exscripsit,</strong></span> <span class='ocrx_word' id='word_1_179' title='bbox 1002 2735 1036 2793; x_wconf 94' lang='lat' dir='ltr'><strong>ln</strong></span> <span class='ocrx_word' id='word_1_180' title='bbox 1062 2735 1226 2796; x_wconf 84' lang='lat' dir='ltr'><strong>scribendis</strong></span> <span class='ocrx_word' id='word_1_181' title='bbox 1248 2738 1387 2814; x_wconf 81' lang='lat' dir='ltr'><strong>Diogenis</strong></span> <span class='ocrx_word' id='word_1_182' title='bbox 1400 2741 1510 2798; x_wconf 86' lang='lat' dir='ltr'><strong>Laertii</strong></span> <span class='ocrx_word' id='word_1_183' title='bbox 1525 2739 1624 2800; x_wconf 86' lang='lat' dir='ltr'><strong>verbis</strong></span> <span class='ocrx_word' id='word_1_184' title='bbox 1642 2744 1737 2801; x_wconf 86' lang='lat' dir='ltr'><strong>secuti</strong></span> 
     </span>
     <span class='ocr_line' id='line_1_21' title="bbox 133 2813 1733 2906; baseline 0.003 -23"><span class='ocrx_word' id='word_1_185' title='bbox 133 2827 279 2886; x_wconf 89' lang='lat' dir='ltr'><strong>neminem</strong></span> <span class='ocrx_word' id='word_1_186' title='bbox 305 2825 403 2900; x_wconf 85' lang='lat' dir='ltr'><strong>lugere</strong></span> <span class='ocrx_word' id='word_1_187' title='bbox 427 2827 547 2904; x_wconf 88' lang='lat' dir='ltr'><strong>poterit.</strong></span> <span class='ocrx_word' id='word_1_188' title='bbox 590 2813 713 2884; x_wconf 72' lang='lat' dir='ltr'><strong>Causam</strong></span> <span class='ocrx_word' id='word_1_189' title='bbox 743 2824 781 2884; x_wconf 92' lang='lat' dir='ltr'><strong>ob</strong></span> <span class='ocrx_word' id='word_1_190' title='bbox 814 2844 901 2901; x_wconf 85' lang='lat' dir='ltr'><strong>quam</strong></span> <span class='ocrx_word' id='word_1_191' title='bbox 963 2841 1065 2882; x_wconf 89' lang='lat' dir='ltr'><strong>sumus</strong></span> <span class='ocrx_word' id='word_1_192' title='bbox 1087 2826 1302 2898; x_wconf 87' lang='lat' dir='ltr'><strong>recensionem,</strong></span> <span class='ocrx_word' id='word_1_193' title='bbox 1325 2847 1412 2904; x_wconf 73' lang='lat' dir='ltr'><strong>«quam</strong></span> <span class='ocrx_word' id='word_1_194' title='bbox 1436 2841 1502 2906; x_wconf 88' lang='lat' dir='ltr'><strong>post</strong></span> <span class='ocrx_word' id='word_1_195' title='bbox 1519 2828 1679 2901; x_wconf 71' lang='lat' dir='ltr'><strong>(lebetum,</strong></span> <span class='ocrx_word' id='word_1_196' title='bbox 1697 2851 1733 2888; x_wconf 88' lang='lat' dir='ltr'><strong>ex</strong></span> 
     </span>
     <span class='ocr_line' id='line_1_22' title="bbox 133 2911 1738 2990; baseline 0.004 -21"><span class='ocrx_word' id='word_1_197' title='bbox 133 2913 209 2973; x_wconf 91' lang='lat' dir='ltr'><strong>hunc</strong></span> <span class='ocrx_word' id='word_1_198' title='bbox 221 2914 369 2989; x_wconf 88' lang='lat' dir='ltr'><strong>integrum</strong></span> <span class='ocrx_word' id='word_1_199' title='bbox 385 2913 570 2990; x_wconf 88' lang='lat' dir='ltr'><strong>apposuerit,</strong></span> <span class='ocrx_word' id='word_1_200' title='bbox 585 2912 645 2970; x_wconf 90' lang='lat' dir='ltr'><strong>illis</strong></span> <span class='ocrx_word' id='word_1_201' title='bbox 663 2925 773 2970; x_wconf 87' lang='lat' dir='ltr'><strong>tanturn</strong></span> <span class='ocrx_word' id='word_1_202' title='bbox 790 2913 904 2970; x_wconf 87' lang='lat' dir='ltr'><strong>omissis</strong></span> <span class='ocrx_word' id='word_1_203' title='bbox 960 2911 1232 2990; x_wconf 80' lang='lat' dir='ltr'><strong>antiquissimorum</strong></span> <span class='ocrx_word' id='word_1_204' title='bbox 1254 2912 1339 2974; x_wconf 88' lang='lat' dir='ltr'><strong>codd.</strong></span> <span class='ocrx_word' id='word_1_205' title='bbox 1351 2919 1451 2988; x_wconf 87' lang='lat' dir='ltr'><strong>Laur.‚</strong></span> <span class='ocrx_word' id='word_1_206' title='bbox 1471 2916 1573 2988; x_wconf 69' lang='lat' dir='ltr'><strong>blare„</strong></span> <span class='ocrx_word' id='word_1_207' title='bbox 1594 2918 1738 2976; x_wconf 88' lang='lat' dir='ltr'><strong>aliorum·</strong></span> 
     </span>
     <span class='ocr_line' id='line_1_23' title="bbox 132 2997 1735 3079; baseline 0.004 -23"><span class='ocrx_word' id='word_1_208' title='bbox 132 3001 217 3060; x_wconf 91' lang='lat' dir='ltr'><strong>libris</strong></span> <span class='ocrx_word' id='word_1_209' title='bbox 229 3000 267 3059; x_wconf 89' lang='lat' dir='ltr'><strong>de</strong></span> <span class='ocrx_word' id='word_1_210' title='bbox 282 2997 392 3077; x_wconf 90' lang='lat' dir='ltr'><strong>quibus</strong></span> <span class='ocrx_word' id='word_1_211' title='bbox 406 3000 602 3076; x_wconf 79' lang='lat' dir='ltr'><strong>ambigeretur</strong></span> <span class='ocrx_word' id='word_1_212' title='bbox 616 3000 670 3079; x_wconf 78' lang='lat' dir='ltr'><strong>(el,</strong></span> <span class='ocrx_word' id='word_1_213' title='bbox 683 2999 718 3071; x_wconf 84' lang='lat' dir='ltr'><strong>ll,</strong></span> <span class='ocrx_word' id='word_1_214' title='bbox 740 3001 776 3068; x_wconf 73' lang='lat'><strong>34</strong></span> <span class='ocrx_word' id='word_1_215' title='bbox 795 3021 802 3056; x_wconf 76' lang='grc' dir='ltr'><strong><em>ε</em></strong></span> <span class='ocrx_word' id='word_1_216' title='bbox 818 3002 903 3071; x_wconf 78' lang='grc' dir='ltr'>Δῆλον</span> <span class='ocrx_word' id='word_1_217' title='bbox 960 3015 1018 3073; x_wconf 91' lang='lat' dir='ltr'><strong>que</strong></span> <span class='ocrx_word' id='word_1_218' title='bbox 1030 2998 1222 3057; x_wconf 84' lang='lat' dir='ltr'><strong>recentiorum</strong></span> <span class='ocrx_word' id='word_1_219' title='bbox 1242 3000 1399 3059; x_wconf 88' lang='lat' dir='ltr'><strong>collatione</strong></span> <span class='ocrx_word' id='word_1_220' title='bbox 1410 3002 1537 3062; x_wconf 86' lang='lat' dir='ltr'><strong>instituit</strong></span> <span class='ocrx_word' id='word_1_221' title='bbox 1561 3003 1677 3064; x_wconf 83' lang='lat' dir='ltr'><strong>llosius.</strong></span> <span class='ocrx_word' id='word_1_222' title='bbox 1689 3005 1735 3062; x_wconf 78' lang='lat' dir='ltr'><strong>Cf.</strong></span> 
     </span>
     <span class='ocr_line' id='line_1_24' title="bbox 131 3083 1733 3170; baseline 0.004 -30"><span class='ocrx_word' id='word_1_223' title='bbox 131 3085 225 3142; x_wconf 78' lang='grc' dir='ltr'>ἐκτῶν</span> <span class='ocrx_word' id='word_1_224' title='bbox 238 3093 482 3161; x_wconf 82' lang='grc' dir='ltr'>προγιγρομμινων</span> <span class='ocrx_word' id='word_1_225' title='bbox 497 3088 726 3164; x_wconf 72' lang='grc' dir='ltr'><strong>συγγραμμάτων,</strong></span> <span class='ocrx_word' id='word_1_226' title='bbox 744 3083 820 3146; x_wconf 73' lang='lat' dir='ltr'><strong>dedu</strong></span> <span class='ocrx_word' id='word_1_227' title='bbox 834 3085 905 3163; x_wconf 73' lang='lat' dir='ltr'><strong>apt-</strong></span> <span class='ocrx_word' id='word_1_228' title='bbox 960 3083 1026 3160; x_wconf 87' lang='lat' dir='ltr'><strong>ejus</strong></span> <span class='ocrx_word' id='word_1_229' title='bbox 1048 3090 1208 3143; x_wconf 83' lang='lat' dir='ltr'><strong>Aristoteles</strong></span> <span class='ocrx_word' id='word_1_230' title='bbox 1228 3091 1503 3166; x_wconf 79' lang='lat' dir='ltr'><strong>Pseudepigraplms.</strong></span> <span class='ocrx_word' id='word_1_231' title='bbox 1531 3089 1612 3170; x_wconf 84' lang='lat' dir='ltr'><strong>Lips.</strong></span> <span class='ocrx_word' id='word_1_232' title='bbox 1643 3093 1733 3164; x_wconf 79' lang='lat'>1863,</span> 
     </span>
     <span class='ocr_line' id='line_1_25' title="bbox 132 3169 1413 3252; baseline 0.005 -24"><span class='ocrx_word' id='word_1_233' title='bbox 132 3169 178 3244; x_wconf 81' lang='grc' dir='ltr'><strong>μὸν</strong></span> <span class='ocrx_word' id='word_1_234' title='bbox 194 3169 347 3248; x_wconf 70' lang='grc' dir='ltr'>Ιγγὺςῆιιτι</span> <span class='ocrx_word' id='word_1_235' title='bbox 365 3172 418 3228; x_wconf 80' lang='grc' dir='ltr'>τῶν</span> <span class='ocrx_word' id='word_1_236' title='bbox 436 3171 627 3249; x_wconf 80' lang='grc' dir='ltr'>τετρακοσίων,</span> <span class='ocrx_word' id='word_1_237' title='bbox 647 3173 681 3232; x_wconf 79' lang='lat' dir='ltr'><strong>sd</strong></span> <span class='ocrx_word' id='word_1_238' title='bbox 699 3170 749 3233; x_wconf 74' lang='grc' dir='ltr'><strong>ὅσα</strong></span> <span class='ocrx_word' id='word_1_239' title='bbox 766 3195 797 3252; x_wconf 80' lang='grc' dir='ltr'><strong>γα</strong></span> <span class='ocrx_word' id='word_1_240' title='bbox 815 3172 903 3247; x_wconf 71' lang='lat' dir='ltr'><strong>drap·</strong></span> <span class='ocrx_word' id='word_1_241' title='bbox 961 3193 990 3251; x_wconf 83' lang='lat' dir='ltr'><strong>p.</strong></span> <span class='ocrx_word' id='word_1_242' title='bbox 1016 3195 1063 3232; x_wconf 86' lang='grc' dir='ltr'><strong>ιι.</strong></span> <span class='ocrx_word' id='word_1_243' title='bbox 1410 3179 1413 3184; x_wconf 77' lang='grc'><strong>’</strong></span> 
     </span>
    </p>

    <p class='ocr_par' dir='ltr' id='par_1_8' title="bbox 131 3257 900 3337">
     <span class='ocr_line' id='line_1_26' title="bbox 131 3257 900 3337; baseline 0.005 -22"><span class='ocrx_word' id='word_1_244' title='bbox 131 3259 272 3335; x_wconf 61' lang='lat' dir='ltr'><strong>pilense),</strong></span> <span class='ocrx_word' id='word_1_245' title='bbox 290 3259 354 3337; x_wconf 88' lang='lat' dir='ltr'><strong>ipse</strong></span> <span class='ocrx_word' id='word_1_246' title='bbox 377 3257 456 3318; x_wconf 89' lang='lat' dir='ltr'><strong>hisce</strong></span> <span class='ocrx_word' id='word_1_247' title='bbox 481 3259 639 3319; x_wconf 77' lang='lat' dir='ltr'><strong>declararit</strong></span> <span class='ocrx_word' id='word_1_248' title='bbox 663 3259 765 3319; x_wconf 78' lang='lat' dir='ltr'><strong>verbis</strong></span> <span class='ocrx_word' id='word_1_249' title='bbox 785 3259 820 3330; x_wconf 84' lang='lat' dir='ltr'><strong>t,</strong></span> <span class='ocrx_word' id='word_1_250' title='bbox 838 3281 900 3319; x_wconf 82' lang='lat' dir='ltr'><strong>ar:</strong></span> 
     </span>
    </p>

    <p class='ocr_par' dir='ltr' id='par_1_9' title="bbox 131 3340 1638 3431">
     <span class='ocr_line' id='line_1_27' title="bbox 131 3340 1638 3431; baseline 0.001 -27"><span class='ocrx_word' id='word_1_251' title='bbox 131 3346 284 3426; x_wconf 74' lang='grc' dir='ltr'>Συνέγραψε</span> <span class='ocrx_word' id='word_1_252' title='bbox 296 3345 325 3404; x_wconf 76' lang='lat' dir='ltr'><strong>dl</strong></span> <span class='ocrx_word' id='word_1_253' title='bbox 341 3345 370 3426; x_wconf 79' lang='lat' dir='ltr'><strong>(l</strong></span> <span class='ocrx_word' id='word_1_254' title='bbox 384 3345 580 3425; x_wconf 76' lang='grc' dir='ltr'>Ἀριστοτέλης)</span> <span class='ocrx_word' id='word_1_255' title='bbox 600 3347 772 3424; x_wconf 75' lang='grc' dir='ltr'>πάμπλειστα</span> <span class='ocrx_word' id='word_1_256' title='bbox 796 3346 899 3431; x_wconf 71' lang='grc' dir='ltr'>βιόλία,</span> <span class='ocrx_word' id='word_1_257' title='bbox 1047 3340 1241 3420; x_wconf 77' lang='grc' dir='ltr'><strong>(ΔΙΑΛΟΙῸΙ</strong></span> <span class='ocrx_word' id='word_1_258' title='bbox 1265 3344 1330 3404; x_wconf 79' lang='lat' dir='ltr'><strong>lldl</strong></span> <span class='ocrx_word' id='word_1_259' title='bbox 1352 3345 1638 3424; x_wconf 78' lang='grc' dir='ltr'><strong>ΠΑΡΑΙΝΕΣΕΙΣ.)</strong></span> 
     </span>
    </p>

    <p class='ocr_par' dir='ltr' id='par_1_10' title="bbox 131 3431 901 3515">
     <span class='ocr_line' id='line_1_28' title="bbox 131 3431 901 3515; baseline 0.005 -27"><span class='ocrx_word' id='word_1_260' title='bbox 131 3431 198 3513; x_wconf 75' lang='grc' dir='ltr'>ἅπερ</span> <span class='ocrx_word' id='word_1_261' title='bbox 217 3433 359 3492; x_wconf 73' lang='grc' dir='ltr'>ἀκόλουθον</span> <span class='ocrx_word' id='word_1_262' title='bbox 372 3433 518 3512; x_wconf 70' lang='grc' dir='ltr'>ἡγησάμην</span> <span class='ocrx_word' id='word_1_263' title='bbox 538 3433 691 3515; x_wconf 75' lang='grc' dir='ltr'>ὑπογράψαι</span> <span class='ocrx_word' id='word_1_264' title='bbox 706 3431 750 3492; x_wconf 72' lang='lat' dir='ltr'><strong>ul</strong></span> <span class='ocrx_word' id='word_1_265' title='bbox 770 3433 818 3504; x_wconf 74' lang='grc' dir='ltr'>τὴν</span> <span class='ocrx_word' id='word_1_266' title='bbox 839 3434 901 3513; x_wconf 73' lang='grc' dir='ltr'>περὶ</span> 
     </span>
    </p>

    <p class='ocr_par' dir='ltr' id='par_1_11' title="bbox 131 3514 1562 3604">
     <span class='ocr_line' id='line_1_29' title="bbox 131 3514 1562 3604; baseline 0.002 -28"><span class='ocrx_word' id='word_1_267' title='bbox 131 3521 230 3590; x_wconf 75' lang='grc' dir='ltr'>πάντας</span> <span class='ocrx_word' id='word_1_268' title='bbox 242 3519 334 3599; x_wconf 81' lang='grc' dir='ltr'>λόγους</span> <span class='ocrx_word' id='word_1_269' title='bbox 347 3521 456 3600; x_wconf 70' lang='grc' dir='ltr'>τάνδρὸς</span> <span class='ocrx_word' id='word_1_270' title='bbox 470 3521 579 3604; x_wconf 70' lang='grc' dir='ltr'>ἂρατήν.</span> <span class='ocrx_word' id='word_1_271' title='bbox 619 3523 675 3581; x_wconf 86' lang='lat' dir='ltr'><strong>Sed</strong></span> <span class='ocrx_word' id='word_1_272' title='bbox 686 3523 711 3582; x_wconf 81' lang='lat' dir='ltr'><strong>si</strong></span> <span class='ocrx_word' id='word_1_273' title='bbox 724 3521 832 3598; x_wconf 75' lang='lat' dir='ltr'><strong>dignus</strong></span> <span class='ocrx_word' id='word_1_274' title='bbox 840 3536 901 3597; x_wconf 86' lang='lat' dir='ltr'><strong>est,</strong></span> <span class='ocrx_word' id='word_1_275' title='bbox 1018 3514 1032 3567; x_wconf 50' lang='grc' dir='ltr'>ἵ</span> <span class='ocrx_word' id='word_1_276' title='bbox 1048 3515 1113 3596; x_wconf 84' lang='lat' dir='ltr'><strong>lltpl</strong></span> <span class='ocrx_word' id='word_1_277' title='bbox 1128 3516 1314 3590; x_wconf 63' lang='grc' dir='ltr'><strong>Λαῦῑῡσῦνης,</strong></span> <span class='ocrx_word' id='word_1_278' title='bbox 1330 3518 1366 3592; x_wconf 72' lang='grc' dir='ltr'><strong>α’,</strong></span> <span class='ocrx_word' id='word_1_279' title='bbox 1382 3518 1419 3599; x_wconf 81' lang='grc' dir='ltr'><strong>β’,</strong></span> <span class='ocrx_word' id='word_1_280' title='bbox 1431 3520 1466 3598; x_wconf 82' lang='grc' dir='ltr'><strong>γ’,</strong></span> <span class='ocrx_word' id='word_1_281' title='bbox 1480 3519 1516 3579; x_wconf 81' lang='grc' dir='ltr'><strong>δ’.</strong></span> <span class='ocrx_word' id='word_1_282' title='bbox 1531 3522 1562 3599; x_wconf 76' lang='lat' dir='ltr'><strong>lt)</strong></span> 
     </span>
    </p>

    <p class='ocr_par' dir='ltr' id='par_1_12' title="bbox 131 3602 1482 3688">
     <span class='ocr_line' id='line_1_30' title="bbox 131 3602 1482 3688; baseline 0.004 -23"><span class='ocrx_word' id='word_1_283' title='bbox 131 3609 180 3684; x_wconf 88' lang='lat' dir='ltr'><strong>qui</strong></span> <span class='ocrx_word' id='word_1_284' title='bbox 206 3611 247 3668; x_wconf 91' lang='lat' dir='ltr'><strong>ob</strong></span> <span class='ocrx_word' id='word_1_285' title='bbox 273 3609 359 3668; x_wconf 88' lang='lat' dir='ltr'><strong>talem</strong></span> <span class='ocrx_word' id='word_1_286' title='bbox 374 3629 472 3669; x_wconf 85' lang='lat' dir='ltr'><strong>euram</strong></span> <span class='ocrx_word' id='word_1_287' title='bbox 490 3609 559 3688; x_wconf 86' lang='lat' dir='ltr'><strong>jure</strong></span> <span class='ocrx_word' id='word_1_288' title='bbox 578 3610 714 3670; x_wconf 79' lang='lat' dir='ltr'><strong>laudetur</strong></span> <span class='ocrx_word' id='word_1_289' title='bbox 739 3609 900 3686; x_wconf 89' lang='lat' dir='ltr'><strong>Diogenes,</strong></span> <span class='ocrx_word' id='word_1_290' title='bbox 1019 3603 1033 3629; x_wconf 83' lang='lat'><strong>*</strong></span> <span class='ocrx_word' id='word_1_291' title='bbox 1053 3602 1119 3684; x_wconf 68' lang='grc' dir='ltr'><strong>Περὶ</strong></span> <span class='ocrx_word' id='word_1_292' title='bbox 1132 3605 1274 3681; x_wconf 74' lang='grc' dir='ltr'>Ποιητῶν,</span> <span class='ocrx_word' id='word_1_293' title='bbox 1288 3605 1323 3678; x_wconf 78' lang='grc' dir='ltr'><strong>α’,</strong></span> <span class='ocrx_word' id='word_1_294' title='bbox 1339 3609 1380 3684; x_wconf 84' lang='grc' dir='ltr'><strong>β’,</strong></span> <span class='ocrx_word' id='word_1_295' title='bbox 1393 3605 1429 3683; x_wconf 71' lang='grc' dir='ltr'><strong>γ’·</strong></span> <span class='ocrx_word' id='word_1_296' title='bbox 1447 3606 1482 3684; x_wconf 81' lang='lat' dir='ltr'><strong>(a)</strong></span> 
     </span>
    </p>

    <p class='ocr_par' dir='ltr' id='par_1_13' title="bbox 134 3691 1501 3772">
     <span class='ocr_line' id='line_1_31' title="bbox 134 3691 1501 3772; baseline 0.007 -21"><span class='ocrx_word' id='word_1_297' title='bbox 134 3696 237 3756; x_wconf 87' lang='lat' dir='ltr'><strong>melius</strong></span> <span class='ocrx_word' id='word_1_298' title='bbox 253 3697 341 3755; x_wconf 88' lang='lat' dir='ltr'><strong>etiam</strong></span> <span class='ocrx_word' id='word_1_299' title='bbox 356 3696 392 3757; x_wconf 89' lang='lat' dir='ltr'><strong>de</strong></span> <span class='ocrx_word' id='word_1_300' title='bbox 403 3695 489 3756; x_wconf 89' lang='lat' dir='ltr'><strong>nobis</strong></span> <span class='ocrx_word' id='word_1_301' title='bbox 500 3699 658 3756; x_wconf 84' lang='lat' dir='ltr'><strong>meriturus</strong></span> <span class='ocrx_word' id='word_1_302' title='bbox 672 3696 792 3769; x_wconf 87' lang='lat' dir='ltr'><strong>luisset,</strong></span> <span class='ocrx_word' id='word_1_303' title='bbox 806 3698 833 3756; x_wconf 91' lang='lat' dir='ltr'><strong>si</strong></span> <span class='ocrx_word' id='word_1_304' title='bbox 847 3697 904 3756; x_wconf 90' lang='lat' dir='ltr'><strong>sin·</strong></span> <span class='ocrx_word' id='word_1_305' title='bbox 1019 3692 1032 3715; x_wconf 86' lang='lat'>&#39;</span> <span class='ocrx_word' id='word_1_306' title='bbox 1048 3691 1114 3768; x_wconf 65' lang='grc' dir='ltr'><strong>Περὶ</strong></span> <span class='ocrx_word' id='word_1_307' title='bbox 1125 3691 1302 3767; x_wconf 63' lang='grc' dir='ltr'><strong>Φιλοσοφίας,</strong></span> <span class='ocrx_word' id='word_1_308' title='bbox 1315 3692 1353 3764; x_wconf 74' lang='grc' dir='ltr'><strong>α’,</strong></span> <span class='ocrx_word' id='word_1_309' title='bbox 1370 3694 1405 3772; x_wconf 82' lang='grc' dir='ltr'><strong>β’,</strong></span> <span class='ocrx_word' id='word_1_310' title='bbox 1416 3694 1454 3771; x_wconf 82' lang='grc' dir='ltr'><strong>γ’.</strong></span> <span class='ocrx_word' id='word_1_311' title='bbox 1469 3697 1501 3768; x_wconf 79' lang='lat'><strong>(³)</strong></span> 
     </span>
    </p>

    <p class='ocr_par' dir='ltr' id='par_1_14' title="bbox 131 3779 1600 3948">
     <span class='ocr_line' id='line_1_32' title="bbox 131 3779 1600 3863; baseline -0.002 -21"><span class='ocrx_word' id='word_1_312' title='bbox 131 3785 196 3857; x_wconf 75' lang='lat' dir='ltr'><strong>gerla</strong></span> <span class='ocrx_word' id='word_1_313' title='bbox 213 3783 361 3843; x_wconf 89' lang='lat' dir='ltr'><strong>librorum</strong></span> <span class='ocrx_word' id='word_1_314' title='bbox 379 3803 498 3862; x_wconf 83' lang='lat' dir='ltr'><strong>genera,</strong></span> <span class='ocrx_word' id='word_1_315' title='bbox 513 3785 593 3863; x_wconf 89' lang='lat' dir='ltr'><strong>quod</strong></span> <span class='ocrx_word' id='word_1_316' title='bbox 608 3786 680 3845; x_wconf 86' lang='lat' dir='ltr'><strong>alias</strong></span> <span class='ocrx_word' id='word_1_317' title='bbox 702 3785 795 3842; x_wconf 85' lang='lat' dir='ltr'><strong>facere</strong></span> <span class='ocrx_word' id='word_1_318' title='bbox 826 3805 903 3843; x_wconf 90' lang='lat' dir='ltr'><strong>con·</strong></span> <span class='ocrx_word' id='word_1_319' title='bbox 1020 3779 1056 3857; x_wconf 64' lang='grc' dir='ltr'><strong>(Ἴ</strong></span> <span class='ocrx_word' id='word_1_320' title='bbox 1078 3780 1219 3840; x_wconf 81' lang='grc' dir='ltr'>Πολιτικοῦ</span> <span class='ocrx_word' id='word_1_321' title='bbox 1240 3779 1277 3853; x_wconf 85' lang='grc' dir='ltr'><strong>α’,</strong></span> <span class='ocrx_word' id='word_1_322' title='bbox 1294 3779 1330 3857; x_wconf 82' lang='grc' dir='ltr'><strong>β’.</strong></span> <span class='ocrx_word' id='word_1_323' title='bbox 1348 3781 1384 3856; x_wconf 84' lang='grc' dir='ltr'><strong>(ι)</strong></span> <span class='ocrx_word' id='word_1_324' title='bbox 1594 3843 1600 3852; x_wconf 59' lang='grc'>,</span> 
     </span>
     <span class='ocr_line' id='line_1_33' title="bbox 133 3863 1562 3948; baseline 0 -20"><span class='ocrx_word' id='word_1_325' title='bbox 133 3872 246 3944; x_wconf 84' lang='lat' dir='ltr'><strong>suevit,</strong></span> <span class='ocrx_word' id='word_1_326' title='bbox 276 3871 353 3929; x_wconf 90' lang='lat' dir='ltr'><strong>inter</strong></span> <span class='ocrx_word' id='word_1_327' title='bbox 378 3889 408 3929; x_wconf 89' lang='lat' dir='ltr'><strong>se</strong></span> <span class='ocrx_word' id='word_1_328' title='bbox 433 3871 626 3932; x_wconf 80' lang='lat' dir='ltr'><strong>distinxisset.</strong></span> <span class='ocrx_word' id='word_1_329' title='bbox 680 3870 766 3942; x_wconf 87' lang='lat' dir='ltr'><strong>Quod</strong></span> <span class='ocrx_word' id='word_1_330' title='bbox 810 3884 904 3932; x_wconf 90' lang='lat' dir='ltr'><strong>tamen</strong></span> <span class='ocrx_word' id='word_1_331' title='bbox 983 3866 1032 3925; x_wconf 76' lang='lat' dir='ltr'><strong>s*</strong></span> <span class='ocrx_word' id='word_1_332' title='bbox 1052 3863 1292 3947; x_wconf 73' lang='grc' dir='ltr'>ΠτρλἹήτορικῆτ</span> <span class='ocrx_word' id='word_1_333' title='bbox 1306 3865 1324 3936; x_wconf 77' lang='grc' dir='ltr'>ἢ</span> <span class='ocrx_word' id='word_1_334' title='bbox 1339 3866 1516 3945; x_wconf 59' lang='lat' dir='ltr'><strong>spillond-</strong></span> <span class='ocrx_word' id='word_1_335' title='bbox 1530 3867 1562 3948; x_wconf 84' lang='grc' dir='ltr'><strong>(ι)</strong></span> 
     </span>
    </p>

    <p class='ocr_par' dir='ltr' id='par_1_15' title="bbox 135 3953 1324 4037">
     <span class='ocr_line' id='line_1_34' title="bbox 135 3953 1324 4037; baseline -0.003 -21"><span class='ocrx_word' id='word_1_336' title='bbox 135 3978 224 4034; x_wconf 90' lang='lat' dir='ltr'><strong>quum</strong></span> <span class='ocrx_word' id='word_1_337' title='bbox 249 3958 381 4037; x_wconf 85' lang='lat' dir='ltr'><strong>aprime</strong></span> <span class='ocrx_word' id='word_1_338' title='bbox 395 3957 547 4017; x_wconf 88' lang='lat' dir='ltr'><strong>conditore</strong></span> <span class='ocrx_word' id='word_1_339' title='bbox 563 3958 650 4036; x_wconf 85' lang='lat' dir='ltr'><strong>hujus</strong></span> <span class='ocrx_word' id='word_1_340' title='bbox 670 3957 776 4018; x_wconf 76' lang='lat' dir='ltr'><strong>tabula</strong></span> <span class='ocrx_word' id='word_1_341' title='bbox 801 3958 905 4017; x_wconf 87' lang='lat' dir='ltr'><strong>lactum</strong></span> <span class='ocrx_word' id='word_1_342' title='bbox 1024 3956 1058 4030; x_wconf 61' lang='grc' dir='ltr'><strong>γ’)</strong></span> <span class='ocrx_word' id='word_1_343' title='bbox 1075 3953 1219 4033; x_wconf 71' lang='grc' dir='ltr'>Νήρινθος,</span> <span class='ocrx_word' id='word_1_344' title='bbox 1234 3953 1271 4014; x_wconf 85' lang='grc' dir='ltr'><strong>α’.</strong></span> <span class='ocrx_word' id='word_1_345' title='bbox 1291 3956 1324 4028; x_wconf 85' lang='grc' dir='ltr'><strong>(ο)</strong></span> 
     </span>
    </p>

    <p class='ocr_par' dir='ltr' id='par_1_16' title="bbox 134 4040 1294 4121">
     <span class='ocr_line' id='line_1_35' title="bbox 134 4040 1294 4121; baseline -0.003 -17"><span class='ocrx_word' id='word_1_346' title='bbox 134 4064 212 4119; x_wconf 88' lang='lat' dir='ltr'><strong>esse,</strong></span> <span class='ocrx_word' id='word_1_347' title='bbox 225 4047 299 4106; x_wconf 84' lang='lat' dir='ltr'><strong>satis</strong></span> <span class='ocrx_word' id='word_1_348' title='bbox 309 4044 463 4108; x_wconf 76' lang='lat' dir='ltr'><strong>manifesta</strong></span> <span class='ocrx_word' id='word_1_349' title='bbox 475 4044 673 4107; x_wconf 87' lang='lat' dir='ltr'><strong>demonstrent</strong></span> <span class='ocrx_word' id='word_1_350' title='bbox 688 4045 814 4116; x_wconf 82' lang='lat' dir='ltr'><strong>indicia,</strong></span> <span class='ocrx_word' id='word_1_351' title='bbox 826 4047 906 4105; x_wconf 87' lang='lat' dir='ltr'><strong>ordi·</strong></span> <span class='ocrx_word' id='word_1_352' title='bbox 1022 4042 1035 4065; x_wconf 83' lang='lat'><strong>*</strong></span> <span class='ocrx_word' id='word_1_353' title='bbox 1049 4040 1197 4120; x_wconf 72' lang='grc' dir='ltr'>Σοφιστὴς,</span> <span class='ocrx_word' id='word_1_354' title='bbox 1206 4041 1244 4100; x_wconf 86' lang='grc' dir='ltr'><strong>α’.</strong></span> <span class='ocrx_word' id='word_1_355' title='bbox 1260 4040 1294 4121; x_wconf 73' lang='grc' dir='ltr'><strong>(ι)</strong></span> 
     </span>
    </p>

    <p class='ocr_par' dir='ltr' id='par_1_17' title="bbox 134 4127 1291 4213">
     <span class='ocr_line' id='line_1_36' title="bbox 134 4127 1291 4213; baseline -0.001 -23"><span class='ocrx_word' id='word_1_356' title='bbox 134 4152 197 4192; x_wconf 90' lang='lat' dir='ltr'><strong>nem</strong></span> <span class='ocrx_word' id='word_1_357' title='bbox 210 4155 298 4213; x_wconf 90' lang='lat' dir='ltr'><strong>quem</strong></span> <span class='ocrx_word' id='word_1_358' title='bbox 312 4135 363 4196; x_wconf 92' lang='lat' dir='ltr'><strong>ille</strong></span> <span class='ocrx_word' id='word_1_359' title='bbox 374 4133 406 4193; x_wconf 90' lang='lat' dir='ltr'><strong>in</strong></span> <span class='ocrx_word' id='word_1_360' title='bbox 420 4133 607 4195; x_wconf 88' lang='lat' dir='ltr'><strong>recensendis</strong></span> <span class='ocrx_word' id='word_1_361' title='bbox 620 4135 803 4210; x_wconf 81' lang='lat' dir='ltr'><strong>singulorum</strong></span> <span class='ocrx_word' id='word_1_362' title='bbox 815 4133 908 4193; x_wconf 89' lang='lat' dir='ltr'><strong>libro-</strong></span> <span class='ocrx_word' id='word_1_363' title='bbox 1022 4129 1176 4202; x_wconf 64' lang='grc' dir='ltr'>Μεντξινος,</span> <span class='ocrx_word' id='word_1_364' title='bbox 1191 4127 1228 4190; x_wconf 83' lang='grc' dir='ltr'><strong>α’.</strong></span> <span class='ocrx_word' id='word_1_365' title='bbox 1244 4130 1291 4208; x_wconf 81' lang='grc' dir='ltr'>(ιο)</span> 
     </span>
    </p>

    <p class='ocr_par' dir='ltr' id='par_1_18' title="bbox 135 4217 1323 4300">
     <span class='ocr_line' id='line_1_37' title="bbox 135 4217 1323 4300; baseline -0.001 -23"><span class='ocrx_word' id='word_1_366' title='bbox 135 4240 198 4280; x_wconf 89' lang='lat' dir='ltr'><strong>ram</strong></span> <span class='ocrx_word' id='word_1_367' title='bbox 215 4221 311 4283; x_wconf 91' lang='lat' dir='ltr'><strong>titulis</strong></span> <span class='ocrx_word' id='word_1_368' title='bbox 327 4221 530 4282; x_wconf 78' lang='lat' dir='ltr'><strong>observaverit</strong></span> <span class='ocrx_word' id='word_1_369' title='bbox 541 4265 550 4295; x_wconf 88' lang='lat'>,</span> <span class='ocrx_word' id='word_1_370' title='bbox 560 4221 656 4300; x_wconf 86' lang='lat' dir='ltr'><strong>quoad</strong></span> <span class='ocrx_word' id='word_1_371' title='bbox 670 4222 855 4300; x_wconf 87' lang='lat' dir='ltr'><strong>conjiciendo</strong></span> <span class='ocrx_word' id='word_1_372' title='bbox 872 4223 907 4282; x_wconf 92' lang='lat' dir='ltr'><strong>li·</strong></span> <span class='ocrx_word' id='word_1_373' title='bbox 1021 4217 1035 4242; x_wconf 76' lang='lat'><strong>¹</strong></span> <span class='ocrx_word' id='word_1_374' title='bbox 1049 4217 1206 4298; x_wconf 78' lang='grc' dir='ltr'>Ἐρωτικὸς,</span> <span class='ocrx_word' id='word_1_375' title='bbox 1222 4217 1260 4278; x_wconf 78' lang='grc' dir='ltr'><strong>α’.</strong></span> <span class='ocrx_word' id='word_1_376' title='bbox 1274 4220 1323 4294; x_wconf 79' lang='lat' dir='ltr'><strong>(rs)</strong></span> 
     </span>
    </p>

    <p class='ocr_par' dir='ltr' id='par_1_19' title="bbox 135 4306 1277 4382">
     <span class='ocr_line' id='line_1_38' title="bbox 135 4306 1277 4382; baseline 0.003 -17"><span class='ocrx_word' id='word_1_377' title='bbox 135 4323 195 4381; x_wconf 88' lang='lat' dir='ltr'><strong>cet,</strong></span> <span class='ocrx_word' id='word_1_378' title='bbox 210 4311 343 4372; x_wconf 89' lang='lat' dir='ltr'><strong>indicare</strong></span> <span class='ocrx_word' id='word_1_379' title='bbox 357 4309 455 4368; x_wconf 87' lang='lat' dir='ltr'><strong>conati</strong></span> <span class='ocrx_word' id='word_1_380' title='bbox 468 4327 588 4378; x_wconf 87' lang='lat' dir='ltr'><strong>sumus,</strong></span> <span class='ocrx_word' id='word_1_381' title='bbox 601 4309 699 4367; x_wconf 91' lang='lat' dir='ltr'><strong>eadem</strong></span> <span class='ocrx_word' id='word_1_382' title='bbox 713 4309 759 4368; x_wconf 89' lang='lat' dir='ltr'><strong>usi</strong></span> <span class='ocrx_word' id='word_1_383' title='bbox 770 4308 909 4368; x_wconf 88' lang='lat' dir='ltr'><strong>distribu·</strong></span> <span class='ocrx_word' id='word_1_384' title='bbox 981 4327 1007 4366; x_wconf 86' lang='lat' dir='ltr'><strong>to</strong></span> <span class='ocrx_word' id='word_1_385' title='bbox 1026 4309 1040 4333; x_wconf 79' lang='lat'>&#39;</span> <span class='ocrx_word' id='word_1_386' title='bbox 1057 4306 1226 4382; x_wconf 80' lang='grc' dir='ltr'>Συμπόσιον,</span> <span class='ocrx_word' id='word_1_387' title='bbox 1239 4307 1277 4368; x_wconf 86' lang='grc' dir='ltr'><strong>α’.</strong></span> 
     </span>
    </p>

    <p class='ocr_par' dir='ltr' id='par_1_20' title="bbox 136 4392 1395 4491">
     <span class='ocr_line' id='line_1_39' title="bbox 136 4392 1395 4491; baseline 0.002 -38"><span class='ocrx_word' id='word_1_388' title='bbox 136 4397 215 4457; x_wconf 90' lang='lat' dir='ltr'><strong>tione</strong></span> <span class='ocrx_word' id='word_1_389' title='bbox 227 4418 316 4476; x_wconf 85' lang='lat' dir='ltr'><strong>quam</strong></span> <span class='ocrx_word' id='word_1_390' title='bbox 329 4397 416 4476; x_wconf 89' lang='lat' dir='ltr'><strong>plane</strong></span> <span class='ocrx_word' id='word_1_391' title='bbox 433 4397 543 4457; x_wconf 89' lang='lat' dir='ltr'><strong>similes</strong></span> <span class='ocrx_word' id='word_1_392' title='bbox 557 4397 634 4491; x_wconf 86' lang='lat' dir='ltr'><strong>apud</strong></span> <span class='ocrx_word' id='word_1_393' title='bbox 647 4397 806 4472; x_wconf 80' lang='lat' dir='ltr'><strong>Diogenem</strong></span> <span class='ocrx_word' id='word_1_394' title='bbox 821 4395 908 4455; x_wconf 87' lang='lat' dir='ltr'><strong>Lacr·</strong></span> <span class='ocrx_word' id='word_1_395' title='bbox 1026 4398 1060 4469; x_wconf 74' lang='lat'><strong>(²)</strong></span> <span class='ocrx_word' id='word_1_396' title='bbox 1077 4394 1143 4473; x_wconf 83' lang='lat' dir='ltr'><strong>llspl</strong></span> <span class='ocrx_word' id='word_1_397' title='bbox 1160 4393 1295 4470; x_wconf 78' lang='grc' dir='ltr'>Πλούτου,</span> <span class='ocrx_word' id='word_1_398' title='bbox 1307 4392 1344 4452; x_wconf 85' lang='grc' dir='ltr'><strong>α’.</strong></span> <span class='ocrx_word' id='word_1_399' title='bbox 1360 4392 1395 4472; x_wconf 78' lang='lat' dir='ltr'><strong>(tl</strong></span> 
     </span>
    </p>

    <p class='ocr_par' dir='ltr' id='par_1_21' title="bbox 136 4479 1385 4564">
     <span class='ocr_line' id='line_1_40' title="bbox 136 4479 1385 4564; baseline -0.001 -21"><span class='ocrx_word' id='word_1_400' title='bbox 136 4485 208 4544; x_wconf 92' lang='lat' dir='ltr'><strong>tium</strong></span> <span class='ocrx_word' id='word_1_401' title='bbox 223 4488 279 4563; x_wconf 83' lang='lat' dir='ltr'><strong>(cl.</strong></span> <span class='ocrx_word' id='word_1_402' title='bbox 296 4486 331 4559; x_wconf 79' lang='lat' dir='ltr'><strong>V,</strong></span> <span class='ocrx_word' id='word_1_403' title='bbox 348 4487 398 4557; x_wconf 80' lang='grc' dir='ltr'><strong>8ο,</strong></span> <span class='ocrx_word' id='word_1_404' title='bbox 415 4484 599 4562; x_wconf 78' lang='grc' dir='ltr'>86)ἱτιᾶίοοσ</span> <span class='ocrx_word' id='word_1_405' title='bbox 611 4484 750 4563; x_wconf 77' lang='lat' dir='ltr'><strong>praebent.</strong></span> <span class='ocrx_word' id='word_1_406' title='bbox 790 4484 908 4544; x_wconf 86' lang='lat' dir='ltr'><strong>Numeri</strong></span> <span class='ocrx_word' id='word_1_407' title='bbox 1026 4484 1039 4508; x_wconf 81' lang='lat'>&#39;</span> <span class='ocrx_word' id='word_1_408' title='bbox 1056 4481 1270 4563; x_wconf 69' lang='grc' dir='ltr'>Προτρεπτικὸς,</span> <span class='ocrx_word' id='word_1_409' title='bbox 1287 4479 1323 4543; x_wconf 81' lang='grc' dir='ltr'><strong>α’.</strong></span> <span class='ocrx_word' id='word_1_410' title='bbox 1337 4481 1385 4564; x_wconf 77' lang='grc' dir='ltr'>(τι)</span> 
     </span>
    </p>
   </div>
   <div class='ocr_carea' id='block_1_6' title="bbox 196 4700 1224 4937">
    <p class='ocr_par' dir='ltr' id='par_1_22' title="bbox 196 4700 1224 4937">
     <span class='ocr_line' id='line_1_41' title="bbox 270 4700 1200 4790; baseline -0.031 -2"><span class='ocrx_word' id='word_1_411' title='bbox 270 4731 415 4788; x_wconf 75' lang='lat' dir='ltr'><strong>tntuuoor</strong></span> <span class='ocrx_word' id='word_1_412' title='bbox 433 4731 472 4778; x_wconf 82' lang='lat' dir='ltr'><strong>nr</strong></span> <span class='ocrx_word' id='word_1_413' title='bbox 490 4729 774 4790; x_wconf 79' lang='lat' dir='ltr'><strong>rxuonrarroues.)</strong></span> <span class='ocrx_word' id='word_1_414' title='bbox 1025 4700 1200 4760; x_wconf 61' lang='lat' dir='ltr'><strong>uerutum.</strong></span> 
     </span>
     <span class='ocr_line' id='line_1_42' title="bbox 1026 4787 1184 4850; baseline -0.025 -10"><span class='ocrx_word' id='word_1_415' title='bbox 1026 4787 1184 4850; x_wconf 63' lang='lat' dir='ltr'><strong>munau.</strong></span> 
     </span>
     <span class='ocr_line' id='line_1_43' title="bbox 196 4867 1224 4937; baseline -0.003 -10"><span class='ocrx_word' id='word_1_416' title='bbox 196 4879 232 4925; x_wconf 87' lang='lat' dir='ltr'><strong>De</strong></span> <span class='ocrx_word' id='word_1_417' title='bbox 242 4876 352 4937; x_wconf 77' lang='lat' dir='ltr'><strong>lustitia,</strong></span> <span class='ocrx_word' id='word_1_418' title='bbox 363 4878 382 4936; x_wconf 87' lang='lat' dir='ltr'><strong>t,</strong></span> <span class='ocrx_word' id='word_1_419' title='bbox 392 4877 423 4937; x_wconf 88' lang='lat' dir='ltr'><strong>ll,</strong></span> <span class='ocrx_word' id='word_1_420' title='bbox 437 4877 482 4936; x_wconf 86' lang='lat' dir='ltr'><strong>tu,</strong></span> <span class='ocrx_word' id='word_1_421' title='bbox 494 4877 535 4926; x_wconf 84' lang='lat' dir='ltr'><strong>tv.</strong></span> <span class='ocrx_word' id='word_1_422' title='bbox 681 4867 689 4880; x_wconf 77' lang='lat'>⁸</span> <span class='ocrx_word' id='word_1_423' title='bbox 1027 4877 1191 4937; x_wconf 63' lang='lat' dir='ltr'><strong>Menestas,</strong></span> <span class='ocrx_word' id='word_1_424' title='bbox 1205 4875 1224 4924; x_wconf 87' lang='lat' dir='ltr'><strong>i.</strong></span> 
     </span>
    </p>
   </div>
   <div class='ocr_carea' id='block_1_7' title="bbox 170 4962 1254 5358">
    <p class='ocr_par' dir='ltr' id='par_1_23' title="bbox 170 4962 1254 5358">
     <span class='ocr_line' id='line_1_44' title="bbox 197 4962 1207 5024; baseline -0.001 -11"><span class='ocrx_word' id='word_1_425' title='bbox 197 4965 233 5013; x_wconf 87' lang='lat' dir='ltr'><strong>De</strong></span> <span class='ocrx_word' id='word_1_426' title='bbox 248 4965 341 5024; x_wconf 80' lang='lat' dir='ltr'><strong>Poetis,</strong></span> <span class='ocrx_word' id='word_1_427' title='bbox 355 4965 375 5024; x_wconf 88' lang='lat'><strong>1,</strong></span> <span class='ocrx_word' id='word_1_428' title='bbox 390 4965 421 5024; x_wconf 85' lang='lat' dir='ltr'><strong>ll,</strong></span> <span class='ocrx_word' id='word_1_429' title='bbox 432 4965 476 5013; x_wconf 84' lang='lat' dir='ltr'><strong>nt.</strong></span> <span class='ocrx_word' id='word_1_430' title='bbox 1026 4962 1173 5022; x_wconf 69' lang='lat' dir='ltr'><strong>emeterius,</strong></span> <span class='ocrx_word' id='word_1_431' title='bbox 1187 4964 1207 5012; x_wconf 90' lang='lat' dir='ltr'><strong>l.</strong></span> 
     </span>
     <span class='ocr_line' id='line_1_45' title="bbox 197 5049 1220 5114; baseline -0.001 -13"><span class='ocrx_word' id='word_1_432' title='bbox 197 5052 233 5100; x_wconf 84' lang='lat' dir='ltr'><strong>Dc</strong></span> <span class='ocrx_word' id='word_1_433' title='bbox 249 5050 444 5114; x_wconf 82' lang='lat' dir='ltr'><strong>Philosophia,l,</strong></span> <span class='ocrx_word' id='word_1_434' title='bbox 454 5053 487 5112; x_wconf 88' lang='grc' dir='ltr'><strong>ΙΙ,</strong></span> <span class='ocrx_word' id='word_1_435' title='bbox 500 5052 542 5099; x_wconf 81' lang='grc' dir='ltr'><strong>ΙΙΙ.</strong></span> <span class='ocrx_word' id='word_1_436' title='bbox 982 5054 1011 5099; x_wconf 86' lang='lat' dir='ltr'><strong>to</strong></span> <span class='ocrx_word' id='word_1_437' title='bbox 1024 5049 1180 5110; x_wconf 74' lang='lat' dir='ltr'><strong>Consulum,</strong></span> <span class='ocrx_word' id='word_1_438' title='bbox 1197 5050 1220 5100; x_wconf 82' lang='lat'><strong>1.</strong></span> 
     </span>
     <span class='ocr_line' id='line_1_46' title="bbox 200 5135 1215 5198; baseline 0.002 -14"><span class='ocrx_word' id='word_1_439' title='bbox 200 5135 291 5187; x_wconf 76' lang='lat' dir='ltr'><strong>euleu</strong></span> <span class='ocrx_word' id='word_1_440' title='bbox 300 5138 322 5197; x_wconf 88' lang='lat'><strong>1,</strong></span> <span class='ocrx_word' id='word_1_441' title='bbox 333 5137 368 5189; x_wconf 91' lang='lat' dir='ltr'><strong>ll.</strong></span> <span class='ocrx_word' id='word_1_442' title='bbox 1025 5137 1215 5198; x_wconf 82' lang='lat' dir='ltr'><strong>DeDiritiis,l.</strong></span> 
     </span>
     <span class='ocr_line' id='line_1_47' title="bbox 170 5221 1254 5289; baseline 0.002 -18"><span class='ocrx_word' id='word_1_443' title='bbox 170 5230 184 5272; x_wconf 78' lang='lat' dir='ltr'><strong>s</strong></span> <span class='ocrx_word' id='word_1_444' title='bbox 199 5223 236 5272; x_wconf 84' lang='lat' dir='ltr'><strong>Ds</strong></span> <span class='ocrx_word' id='word_1_445' title='bbox 246 5221 374 5274; x_wconf 74' lang='lat' dir='ltr'><strong>Rhetorica</strong></span> <span class='ocrx_word' id='word_1_446' title='bbox 387 5224 439 5276; x_wconf 82' lang='lat' dir='ltr'><strong>sire</strong></span> <span class='ocrx_word' id='word_1_447' title='bbox 451 5225 563 5289; x_wconf 74' lang='lat' dir='ltr'><strong>Grylios,</strong></span> <span class='ocrx_word' id='word_1_448' title='bbox 573 5225 593 5274; x_wconf 91' lang='lat' dir='ltr'><strong>l.</strong></span> <span class='ocrx_word' id='word_1_449' title='bbox 1025 5224 1221 5287; x_wconf 74' lang='grc' dir='ltr'>ὒοὴοτίτιοτίαι,</span> <span class='ocrx_word' id='word_1_450' title='bbox 1231 5227 1254 5274; x_wconf 88' lang='lat' dir='ltr'><strong>l.</strong></span> 
     </span>
     <span class='ocr_line' id='line_1_48' title="bbox 223 5317 502 5358; baseline -0.011 0"><span class='ocrx_word' id='word_1_451' title='bbox 223 5319 389 5358; x_wconf 76' lang='lat' dir='ltr'><strong>srtsrerscrs.</strong></span> <span class='ocrx_word' id='word_1_452' title='bbox 401 5318 456 5355; x_wconf 81' lang='lat' dir='ltr'><strong>tot.</strong></span> <span class='ocrx_word' id='word_1_453' title='bbox 469 5317 502 5355; x_wconf 85' lang='grc' dir='ltr'>ιτ.</span> 
     </span>
    </p>
   </div>
   <div class='ocr_carea' id='block_1_8' title="bbox 0 0 2021 5984">
    <p class='ocr_par' dir='ltr' id='par_1_24' title="bbox 0 0 2021 5984">
     <span class='ocr_line' id='line_1_49' title="bbox 0 0 2021 5984; baseline 0 0"><span class='ocrx_word' id='word_1_454' title='bbox 0 0 2021 5984; x_wconf 95' lang='lat' dir='ltr'><strong> </strong></span> 
     </span>
    </p>
   </div>
  </div>
 </body>
</html>
