4017 5984
251 449 291 507 ss
793 443 1037 506 intsrorsns
1062 407 1313 504 susurrium.

249 579 313 658 ἄρα,
328 578 373 637 καί
387 576 454 644 τίνος
467 577 497 638 ιδ
519 576 588 656 ίιρθν
610 575 769 656 πρόσταγμα
793 576 823 636 τθ
844 577 871 636 ds
882 591 885 601 “
896 579 991 650 Πυθοῖ,
1012 575 1027 636 δ

249 668 347 744 γνῶναι
375 666 466 726 έαυτθν
494 667 548 734 τοῖς
572 671 618 726 τοῦ
643 669 702 724 θεοῦ
727 666 893 742 διησομένοις
923 687 1024 746 προσα·

249 751 350 832 γορεῦει
366 773 414 823 ς...
430 751 500 814 Ἀλλ’
522 751 575 812 eles
601 751 764 828 Φημονόη...
789 751 841 813 εἴτε
860 752 1021 816 Φανοθία...

250 839 303 900 εἴτε
315 839 362 900 καί
379 839 488 909 Βίαντος
502 839 519 912 ἢ
532 842 625 903 Θαλοῦ
645 838 663 913 ῆ
675 841 794 908 Χίλωνος
814 833 846 914 ἧν
860 841 1023 918 ἀνάθημα...

251 928 305 986 εἴτι
331 928 463 1008 Κλεάρχῳ
489 929 582 1008 (deest
602 928 658 987 hoc
686 931 790 1004 fragm.
807 948 855 1010 ap,
878 929 1023 1009 Miller),

249 1015 392 1095 παρεκτέον
420 1017 521 1094 μᾶλλον
545 1022 591 1076 τοῦ
615 1013 670 1092 μίν
692 1015 790 1076 Πυθίου
815 1018 939 1098 φράζοντι
960 1007 1026 1076 εἶναι

249 1102 438 1183 παράγγελμα,
454 1107 603 1184 χρησθῆναι
617 1103 645 1163 δέ
655 1103 757 1164 Χίλωνι
767 1103 796 1163 rh
811 1103 918 1186 ἄριστον
929 1103 1027 1183 ἀνθρώ·

249 1214 308 1258 ποις
331 1194 424 1269 μαθεῖν
446 1191 641 1272 πυνθανομένῳ·
656 1191 708 1252 siri
729 1191 774 1251 καί
788 1191 840 1274 πρθ
857 1194 975 1259 Χιλωνος
993 1183 1026 1263 ῆν

250 1279 288 1339 ἔτι
303 1279 471 1358 ἀνάγραπτον
495 1283 522 1340 ἐν
547 1279 584 1356 τῷ
602 1278 729 1358 ἱδρυθέντι
745 1283 795 1360 νεῷ
821 1279 889 1358 μιτδ
909 1281 953 1340 τὸν
976 1280 1026 1338 πέ-

249 1365 334 1440 τρινάν
346 1389 375 1425 τε
393 1365 439 1425 καλ
451 1367 579 1446 χαλκοῦν,
591 1365 711 1448 καθάπερ
722 1365 910 1449 Ἀριστοτέλης
920 1371 947 1428 ἐν
969 1375 1025 1434 τοῖς

249 1455 308 1533 περὶ
322 1455 487 1536 Φιλοσοφίας
496 1453 595 1534 εἴρηαι.

289 1543 352 1602 Non
367 1544 451 1603 aliter
465 1543 598 1604 Clemens
616 1545 697 1607 illex.
720 1545 841 1618 Sirone,
863 1547 886 1618 Ι,
910 1555 956 1618 ll,
974 1549 1023 1617 iio,

249 1653 279 1709 p.
304 1653 361 1711 ¹²9
383 1631 467 1711 syth.
486 1655 492 1690 :
514 1633 555 1694 Τὸ
577 1633 625 1706 μέν
647 1625 691 1694 οῦν
712 1637 797 1694 Γνῶθι
810 1633 907 1696 σαυτὸν
927 1637 952 1695 οἱ
976 1635 1025 1711 μέν

249 1719 368 1787 Χίλωνος
382 1718 553 1800 ὑπειλήφασι,
568 1721 728 1798 Χαμαιλέων
741 1719 769 1780 δέ
780 1725 806 1781 ἐν
821 1725 860 1802 τῷ
870 1723 930 1803 περὶ
946 1725 1024 1782 θεῶν

249 1809 349 1881 θαλοῦ,
370 1805 617 1888 Ἀριστοτέλης
631 1805 658 1866 δέ
673 1810 720 1876 τῆς
734 1808 843 1875 Πυθίας.

570 1949 598 2008 6.
623 1947 703 2029 (ιι.)

286 2089 433 2151 Plutarch.
448 2089 517 2149 adr.
533 2089 640 2163 Colot,
652 2111 678 2147 c.
698 2109 735 2148 no
749 2086 800 2148 2‘0
815 2087 843 2148 δέ
852 2089 1025 2168 Ἡράκλειτος

246 2181 280 2243 ῶς
303 2175 372 2256 μέγα
387 2199 412 2236 τι
427 2174 471 2234 καὶ
486 2175 580 2252 σεμνὸν
594 2174 835 2255 διαπεπραγμένος,
851 2175 1023 2249 «Ἐδιζησά-

246 2287 308 2340 μην,
331 2263 418 2342 φησίν,
436 2263 558 2338 ἐμαυτόν.
577 2290 589 2314 ν
612 2263 666 2323 Καὶ
687 2267 739 2322 τῶν
756 2263 784 2321 ds
804 2264 916 2344 Δελφοῖς
931 2288 1021 2343 γραμ·

246 2351 337 2425 μάτων
355 2348 485 2408 θειότατον
498 2349 581 2409 ίδόκει
595 2348 626 2407 τῦ
641 2351 725 2410 Γνῶθι
745 2351 863 2422 σαυτόν,
888 2351 902 2409 δ
918 2353 950 2422 δὴ
971 2354 1016 2412 καί

247 2436 385 2517 Σωκράτιι
396 2437 506 2517 ἀπορίας
517 2438 562 2496 καί
574 2438 707 2511 ζητήσεως
719 2436 816 2509 ταύτης
831 2439 918 2519 άρχῆν
929 2441 1023 2500 ἐνέδω-

247 2550 290 2586 κεν
305 2527 437 2606 (ctt’tn.
450 2525 547 2586 stcib.
565 2525 587 2596 l,
598 2547 627 2604 p.
646 2529 722 2600 rol),
734 2524 1023 2606 ὡςἈριστοτέλης

247 2619 273 2674 έν
286 2618 339 2682 τοῖς
354 2613 533 2680 Πλατωνικοῖς
543 2613 642 2692 εἴρηαι.

285 2703 360 2763 Num
374 2702 435 2762 haee
447 2717 525 2762 recte
538 2703 574 2761 ad
589 2701 682 2762 libros
700 2703 736 2762 de
748 2703 936 2782 Philosophia
948 2706 1021 2764 rele-

250 2804 352 2851 rantur
372 2789 502 2851 dubitari
516 2791 597 2863 licet,
615 2811 723 2869 quum,
739 2811 805 2870 quae
828 2809 846 2850 a
867 2793 1021 2852 Plutarcho

247 2892 385 2939 vocantur
412 2877 589 2950 Πλατωνικίι,
621 2877 691 2938 libri
719 2877 779 2958 περί
800 2876 933 2956 τἈγαθοῦ
961 2899 1024 2939 esse

247 2968 368 3046 possint.

566 3129 593 3181 7·
615 3107 700 3187 (νη)

283 3258 416 3315 Clemens
428 3256 513 3315 Alex.
528 3253 680 3326 Str-om.,l,
698 3267 744 3328 ιη,
759 3260 795 3315 dr
811 3279 818 3314 :
834 3257 875 3316 Τσ
888 3257 937 3316 δ’«
954 3257 1020 3338 Ἐγ·

245 3345 306 3422 γάα,
314 3347 387 3424 πάρα
398 3344 422 3403 δ’
433 3342 514 3414 ieet,
524 3340 675 3418 Κλεομένης
686 3343 734 3421 μέν
742 3345 769 3404 έν
782 3348 818 3426 τῷ
827 3343 888 3428 περὶ
898 3343 1022 3406 Ἡσιόδου

246 3431 358 3515 Ὁμήρῳ
369 3429 433 3514 φησί
444 3434 614 3512 προειρῆσθαι
629 3430 672 3490 διδ
682 3431 789 3493 τοάτων·

276 3569 356 3620 desini
365 3569 490 3619 τσιδιιλῶν
500 3585 526 3618 τι
538 3586 579 3618 νισι
592 3569 671 3632 ἐγγύαι
683 3571 827 3632 ἐγγυάασθαι
838 3571 894 3636 (od.
918 3575 941 3636 θ,
954 3575 1020 3639 ³51).

246 3699 287 3756 Οί
308 3695 340 3756 δέ
366 3698 441 3778 περί
463 3695 688 3780 Ἀριστοτέλη
715 3697 832 3769 Χίλωνος
858 3704 921 3762 αὐτὸ
946 3705 1022 3784 νομί·

246 3919 295 3968 sire
316 3919 404 3968 Biantis
421 3923 463 3968 aut
479 3919 585 3970 'Thaletis
604 3920 649 3972 hoc
664 3922 729 3972 reiut
745 3923 872 3974 anatliema
893 3925 953 3976 sit...
969 3926 1022 3976 sire

245 4005 359 4057 clearcho
372 4005 452 4070 polius
467 4006 614 4058 eredendum
633 4011 687 4072 est,
702 4009 743 4074 qul
760 4011 821 4062 lisue
837 4013 979 4064 senteutiam
990 4015 1022 4064 ab

245 4096 298 4157 ipso
318 4094 403 4158 Pythio
427 4107 567 4158 responsam
590 4096 624 4146 sit
635 4097 729 4149 ettiloni
745 4100 852 4164 roganti,
869 4101 926 4166 quid
942 4102 1020 4154 humi·

245 4183 314 4233 nibus
325 4183 525 4247 optimumessst
540 4182 648 4246 etloeeri,
663 4187 715 4238 sire
729 4189 786 4238 sote
802 4165 910 4240 chilonis
923 4195 1019 4242 aetatem

1082 579 1165 649 ζουσι,
1182 575 1295 652 Δίδυμος
1306 572 1335 634 δέ
1344 575 1436 634 Θαλοῦ
1449 564 1609 654 φησὶν-εἶναι
1623 575 1670 649 τῆν
1686 580 1853 659 παραίνεσιν.

1081 663 1127 725 (Χ.
1142 664 1180 724 Π.
1195 663 1337 738 Schmidt,
1354 666 1469 733 Didymi
1484 664 1583 724 Chalc.
1590 664 1719 742 fragm„
1738 690 1770 749 p.
1785 675 1854 746 373.

1083 750 1202 812 Diodor.
1222 756 1308 824 Exc„
1323 749 1373 825 tx,
1390 761 1424 821 rt.
1442 772 1450 810 ι
1465 747 1532 812 Ὀτι
1545 750 1636 813 Χίλων
1651 759 1807 838 ἀφικόμενος
1821 763 1858 828 εἰς

1081 838 1197 921 Διλφοθς
1210 841 1255 900 καί
1269 839 1519 921 καθάπιράπαρχάις
1530 840 1731 928 ποιοῦμενοςτῶ
1744 851 1796 930 θεῷ
1812 855 1858 921 τῆς

1080 927 1147 995 ἰδίας
1156 929 1294 1002 συνέσεως,
1309 927 1454 1009 ἐπέγραψεν
1468 929 1514 989 ἐπί
1526 953 1586 989 τινα
1601 934 1677 993 κίονα
1690 937 1750 1015 τρία
1763 943 1857 996 ταῦτα·

1080 1015 1166 1074 Γνῶθι
1179 1013 1300 1089 σεάυτδν,
1321 1014 1368 1073 καί
1382 1015 1473 1086 Μηδέν
1486 1015 1564 1094 ἄγαν,
1580 1018 1627 1079 καὶ
1641 1020 1728 1101 τρίτον
1743 1022 1856 1103 Ἐγγύα,

1082 1101 1156 1183 πάρα
1172 1101 1195 1161 δ’
1217 1102 1279 1166 ἄτα.
1293 1104 1424 1174 Quorum
1440 1105 1600 1170 secundum
1616 1111 1786 1171 Aristoteles
1802 1115 1856 1172 tri·

1081 1187 1148 1249 buit
1164 1190 1297 1266 Chiloni,
1313 1191 1343 1250 τὸ
1366 1193 1511 1275 Χιλώνειον
1527 1214 1648 1270 vocans,
1668 1198 1785 1262 lihetor.
1814 1203 1852 1274 ll,

1087 1299 1134 1352 rs,
1154 1287 1202 1348 rh.

1401 1444 1430 1502 s.
1447 1443 1528 1521 (as.)

1121 1595 1347 1677 Harpocration,
1358 1621 1380 1660 s.
1391 1622 1421 1660 ν.
1435 1600 1522 1681 Ἀρχὴ
1533 1601 1615 1683 ἄνδρα
1626 1604 1755 1664 δείκνυσι·
1765 1611 1856 1682 Δημο-

1081 1684 1170 1758 σθένης
1184 1689 1327 1768 προοιμίοις
1346 1690 1541 1769 δημηγορικοῖς.
1559 1693 1696 1774 Σοφοκλῆς
1710 1690 1759 1771 μίν
1772 1685 1817 1752 οῦν
1832 1698 1858 1754 έν

1080 1781 1137 1840 ταῖς
1144 1773 1415 1854 ἘλεγείαιςΣολωνός
1434 1778 1750 1858 αίΒστρλ.1,γιίοἰῦι.
1759 1802 1788 1861 p.
1800 1791 1856 1857 57²

1080 1860 1128 1923 ed.
1143 1864 1232 1941 1866)
1247 1887 1326 1944 φησιν
1340 1866 1404 1924 αὐτὸ
1417 1888 1428 1923 ι
1440 1889 1484 1924 ναι
1498 1867 1667 1947 ἀπόφθεγμα,
1689 1870 1859 1952 Θεόφραστος

1081 1949 1106 2007 δ’
1129 1951 1157 2009 ἐν
1182 1955 1221 2032 τῷ
1247 1952 1330 2033 [περὶ]
1365 1955 1520 2033 Παροιμιῶν
1554 1955 1599 2013 καί
1628 1954 1859 2036 Ἀριστοτέλης

1080 2037 1198 2106 Βίαντος.
1230 2078 1235 2087 ·

1083 2187 1089 2198 ⁸
1121 2124 1201 2201 llaec,
1212 2129 1280 2186 lieet
1291 2129 1322 2188 in
1334 2129 1569 2202 EthieisNicom,
1579 2132 1613 2208 V,
1628 2154 1654 2206 ι,
1669 2134 1836 2212 16,legatur
1850 2159 1856 2193 :

1080 2211 1134 2272 Καί
1148 2215 1191 2274 διά
1201 2221 1278 2275 τοῦτο
1286 2208 1316 2276 ed
1328 2219 1400 2278 δοκεῖ
1409 2220 1492 2278 τὸτοῦ
1506 2221 1633 2296 Βίαντος,
1643 2222 1683 2282 δτι
1698 2225 1768 2304 άρχὴ
1777 2225 1859 2304 ἄνδρα

1079 2298 1169 2372 δείξει,
1186 2304 1222 2361 ad
1245 2324 1310 2381 quae
1333 2319 1391 2366 ret.
1408 2306 1461 2365 int.
1485 2330 1493 2364 :
1513 2311 1548 2367 Ol
1570 2309 1618 2382 μέν
1638 2309 1739 2370 Χίλωνι
1758 2311 1860 2371 τιθέασι

1079 2386 1126 2461 τῆν
1149 2390 1275 2468 γνώμην,
1310 2395 1333 2451 ol
1356 2395 1384 2452 δὲ
1415 2394 1521 2468 Βίαντι,
1545 2395 1586 2454 δτι
1613 2397 1684 2478 άρχὴ
1709 2395 1754 2459 σῦν
1777 2398 1859 2480 ἄνδρα

1080 2476 1193 2537 δείκνυσι
1201 2522 1210 2551 ,
1219 2480 1283 2540 sive
1295 2481 1332 2541 ad
1343 2481 1436 2542 libros
1450 2484 1486 2542 de
1504 2485 1717 2565 Philosophia,
1741 2487 1805 2548 sire
1818 2489 1855 2547 ad

1079 2563 1215 2626 Potitium
1234 2569 1398 2646 quandam,
1423 2570 1627 2634 Prienensium
1652 2575 1774 2636 sortasse
1800 2577 1851 2652 (cl.

1082 2651 1148 2712 lios.
1173 2655 1194 2714 l.
1219 2656 1238 2717 l.
1265 2677 1294 2736 p.
1311 2657 1383 2738 536)
1403 2674 1664 2742 spectant,1quum
1686 2661 1855 2722 Ethicorum

1079 2738 1149 2798 libri
1164 2741 1285 2804 minime
1299 2746 1375 2807 inter
1394 2750 1462 2808 illos
1479 2751 1554 2830 sint,
1574 2773 1702 2830 quorum
1725 2753 1857 2814 testimo-

1080 2829 1161 2887 nium
1177 2850 1195 2890 a
1211 2833 1376 2909 veteribus,
1390 2837 1420 2896 id
1431 2853 1475 2897 est
1491 2840 1700 2901 Alexandrinis
1713 2862 1857 2920 ρταιιιαια·

1081 2919 1166 2993 tiois,
1192 2941 1209 2980 e
1231 2921 1341 3000 quibus
1363 2927 1465 3003 copias
1486 2946 1555 2986 suas
1575 2927 1722 2989 derivavit
1743 2930 1858 3008 llsrpo·

1080 3008 1204 3081 oration,
1234 3009 1368 3070 adhiberi
1399 3014 1500 3072 soleat.
1539 3014 1598 3072 Nec
1621 3018 1719 3076 minus
1744 3032 1858 3094 oportet

1083 3096 1857 3176 illum,quiprimusinhucreauctoritatehristotelis

1084 3203 1154 3243 usus
1165 3199 1224 3258 est,
1239 3186 1303 3244 sive
1323 3187 1348 3244 is
1366 3187 1511 3264 Didymus
1524 3190 1588 3248 sire
1603 3190 1680 3250 olins
1690 3192 1758 3270 quis
1781 3194 1854 3267 fuit,

1079 3283 1146 3328 unte
1165 3273 1267 3332 oculos
1283 3272 1419 3334 habuisse
1438 3276 1552 3349 locum,
1570 3278 1676 3357 inquo
1695 3281 1732 3338 de
1751 3281 1853 3342 Biante

1081 3371 1199 3417 auctore
1211 3360 1292 3420 illius
1302 3360 1389 3435 dieti,
1399 3362 1484 3441 plura
1492 3377 1521 3422 et
1530 3368 1622 3442 iringis
1630 3367 1740 3428 diserta
1750 3372 1854 3430 tradita

1080 3458 1180 3519 erant,
1205 3467 1292 3525 quarn
1313 3469 1380 3526 quae
1394 3452 1478 3529 quasi
1501 3467 1673 3516 transcursu
1696 3459 1727 3518 in
1743 3460 1853 3520 Ethieis

1081 3531 1158 3592 dicta
1169 3536 1374 3596 sunt.Librmu
1388 3541 1553 3601 Aristotelis
1564 3545 1625 3625 erpi
1639 3547 1806 3628 Παροιμιῶν,
1818 3552 1854 3609 tle

1079 3624 1146 3698 quo'
1153 3623 1298 3701 cogitabat
1311 3625 1477 3689 lilaussacus
1489 3631 1520 3688 in
1530 3632 1608 3692 uotis
1622 3635 1693 3694 adl.
1707 3635 1728 3698 l.
1743 3637 1854 3716 llurpo·

1048 3793 1054 3806 .
1079 3711 1236 3786 erationis,
1264 3734 1368 3774 revera
1384 3718 1541 3779 exstitisse
1567 3722 1649 3782 nullo
1679 3727 1750 3786 satis
1772 3741 1851 3786 certo

1046 3850 1162 3863 -·-
1176 3853 1850 3884 ›mn—em>

1108 4051 1169 4101 lihnl
1184 4071 1191 4104 :
1210 4052 1322 4116 sponde,
1341 4066 1412 4106 ειυαα
1424 4060 1518 4119 prasio
1531 4061 1579 4120 est,
1601 4059 1741 4110 cleomenes
1755 4060 1851 4124 quidem

1074 4140 1099 4190 in
1116 4140 1177 4191 libro
1188 4141 1220 4192 de
1229 4140 1335 4193 Hesiodo
1346 4143 1403 4194 dicit
1421 4145 1488 4208 prius
1499 4143 1588 4196 dietum
1603 4146 1678 4198 luisse
1696 4147 1727 4198 sb
1743 4149 1851 4199 llomem

1075 4228 1113 4279 his
1125 4229 1223 4282 remis:

245 4273 316 4324 tuerit
324 4273 465 4338 inscriptum
477 4273 575 4326 luudsto
589 4277 677 4340 templo
687 4281 742 4341 post
752 4277 875 4342 tsptheum
884 4285 909 4332 et
919 4295 1021 4348 areum,
1117 4318 1119 4323 ,

246 4364 272 4410 ut
282 4359 420 4411 Aristoteles
430 4361 454 4411 tn
466 4360 533 4411 libris
546 4360 577 4411 de
588 4361 741 4428 Philosophia
749 4367 864 4418 meminit.

276 4451 353 4500 tiosos
364 4449 532 4510 reinsumatur
543 4454 569 4502 ui
579 4451 687 4501 Chilonis
694 4452 783 4504 dietum
793 4460 943 4520 accepemnt,
956 4456 1021 4507 cirs-

1128 4369 1217 4414 Μίνωα
1225 4381 1269 4427 pro
1278 4371 1368 4418 miseris
1377 4373 1446 4418 etlsrn
1461 4372 1596 4428 sponsiones
1605 4371 1635 4418 sd
1643 4372 1803 4429 spondendum
1815 4390 1821 4427 ς

245 4537 346 4590 rnaeleon
361 4537 385 4587 in
409 4535 469 4587 llbm
488 4536 518 4587 ds
533 4537 586 4588 Diis
601 4541 627 4589 ul
645 4540 763 4602 Thaletis,
782 4542 919 4593 aristoteles
933 4547 960 4593 ut
974 4547 1021 4607 lp·
1075 4554 1216 4607 ,ςήμηςρμς
1238 4571 1298 4608 mo
1315 4557 1437 4608 existimat
1454 4556 1478 4605 td
1498 4557 1572 4608 misse
1585 4557 1711 4621 chiloni&
1729 4559 1849 4623 »thymus

246 4626 310 4677 thim.

621 4695 645 4739 h.

278 4804 411 4866 lleraeiitus
439 4803 535 4867 quidem
558 4806 672 4867 isunnam
697 4818 724 4854 re
746 4815 832 4869 magna
856 4808 880 4855 et
905 4807 1020 4870 prmelara

245 4895 319 4955 gesta,
335 4895 455 4952 Quaesivi,
468 4891 554 4955 inquit,
568 4895 715 4955 meipsum.
731 4893 761 4941 st
777 4891 840 4943 inter
852 4907 880 4942 rs
892 4907 947 4956 quar
964 4894 1019 4944 liel-

247 4979 301 5042 pitis
315 4979 403 5044 scripta
422 4983 491 5042 sunl,
507 4979 611 5030 marinis
624 4980 731 5029 divinum
756 4979 813 5030 illud
832 4980 948 5032 creditum
968 4986 1020 5043 est,

1073 4647 1154 4696 anien
1163 4644 1221 4697 dieii
1232 4645 1418 4697 admonitionem
1429 4645 1503 4696 luisse
1515 4645 1629 4696 Thaletis.

1104 4981 1276 5042 lloetrtmtss
1300 4981 1386 5028 virum
1410 4977 1575 5028 demonstrat
1599 4993 1608 5027 .·
1629 4979 1803 5033 Densostheues
1824 4985 1847 5034 iu

248 5069 323 5116 horis
348 5069 473 5130 teipsum
495 5066 592 5131 :idque
613 5067 686 5128 hujus
700 5065 855 5118 dubitationis
877 5071 903 5119 et
923 5069 1020 5131 inquisi·
1073 5065 1184 5116 urentis
1196 5063 1346 5116 concionum.
1362 5065 1492 5128 Sopltoeles
1510 5066 1533 5116 in
1555 5065 1641 5129 Παρία
1673 5069 1847 5136 epoptmmgns

248 5151 320 5202 tionis
338 5156 428 5204 socrati
443 5167 526 5206 snsnm
545 5156 626 5220 dedit,
640 5162 667 5209 ui
686 5159 719 5209 sit
734 5158 759 5210 iu
776 5159 905 5210 Platonicis
927 5159 1018 5209 Aristo-
1075 5156 1121 5206 hoe
1132 5155 1216 5206 trihoit
1228 5155 1326 5205 Soloni:
1339 5154 1381 5205 sed
1395 5155 1575 5220 Theophrastus
1587 5155 1611 5205 in
1624 5155 1685 5208 libro
1700 5158 1731 5211 de
1742 5163 1845 5212 Proser·

247 5239 313 5288 tetes.
1077 5243 1321 5306 httsetsrtmtetes,
1334 5244 1422 5297 Bianti.
