4017 5984
907 401 958 461 nn
979 403 1089 465 tuuis.
1769 420 1805 479 ιε

207 529 285 607 ¹⁰9l·
299 527 375 586 “¹¹50
392 525 551 605 respondet
567 525 645 605 a{md
660 528 818 603 mmmm
841 528 902 606 (54)
915 530 977 609 περί
1031 536 1117 594 ἐκεῖνοι
1138 537 1360 615 παραλιλοιπίναι
1379 538 1530 616 νομίζομεν,
1555 543 1584 599 οὐ
1603 540 1656 616 μὴν
1679 546 1732 601 οὐδ’
1759 544 1807 602 ὅσα

204 622 250 689 :ing
263 614 346 682 ’ίδὲας
360 623 383 673 ⁸⁴
400 626 429 673 θῑ
445 614 523 693 apud
536 615 722 693 A¹¹0115m1¹¹¹¹
737 617 809 696 ίίιθλ
819 617 880 695 περὶ
892 614 977 686 ’lifts
1032 623 1058 680 ίν
1074 623 1126 690 τοῖς
1146 622 1207 703 περί
1219 626 1304 685 Euda
1316 626 1361 685 δύο
1377 626 1488 705 βιβλίοις
1507 628 1571 705 πρὸς
1591 630 1684 699 αὖτοὺς
1701 631 1807 709 εἴρηκε·

203 706 238 764 α’.
251 706 332 764 ί)ιιοο
346 704 435 764 fuisse
444 701 537 761 libros
551 703 712 763 Alexandri
724 704 892 763 testimonio
906 724 977 765 usus
1032 708 1124 786 σχεδὸν
1149 710 1201 790 γὰρ
1228 715 1304 773 κάκεῖ
1332 712 1365 771 τὰ
1378 714 1457 774 ,αὐτὰ
1478 719 1561 772 τοῦτο
1586 716 1738 779 ἀνακυκλοῖ.
1762 719 1807 779 (li.

202 796 329 853 affirmat
351 792 493 869 Syrianus
516 791 573 867 (cl.
600 793 635 850 ir.
658 789 706 870 ι),
723 805 825 851 contra
843 792 976 853 Platonis
1031 799 1341 862 Pseudodlexand.ad
1353 802 1382 859 la.
1404 804 1425 863 l.
1438 824 1466 881 p.
1480 804 1548 872 815,
1562 806 1595 862 15
1612 806 1725 869 Bouitz.
1741 826 1749 866 ε
1766 804 1809 867 'it

200 883 367 941 doctrinam
392 899 462 938 vero
490 882 674 959 conscriptos
698 894 803 940 auctor
825 900 975 940 commen-

201 972 271 1031 tarii
294 970 325 1028 in
347 968 545 1046 Metaphysica
567 988 654 1046 quem
675 981 791 1028 secutam
809 982 854 1027 est
875 969 975 1031 Sehol.

199 1059 240 1117 ad
262 1057 398 1135 Dionysii
418 1055 542 1115 Thracis
567 1056 793 1115 Grammaticam
810 1058 866 1137 (cf.
883 1058 921 1117 ir.
937 1064 975 1127 a).

203 1147 275 1206 lude
290 1145 392 1204 mirari
407 1142 475 1221 jure
488 1144 557 1203 licet
570 1148 676 1203 horum
700 1145 844 1203 librorum
866 1146 976 1204 nullam

200 1236 303 1293 iaomm
320 1252 385 1293 esse
399 1234 576 1291 mentionem
592 1234 624 1292 in
641 1234 715 1292 locis
736 1234 835 1294 Procli
857 1245 887 1291 et
906 1232 976 1292 Plu·

204 1323 296 1381 tarehi
319 1322 368 1392 (σί.
384 1322 419 1381 ir.
438 1323 498 1400 34),
518 1320 673 1400 inquibus
688 1322 855 1380 Aristotelis
869 1321 978 1400 scripta

198 1424 408 1469 enumerantur
428 1429 494 1487 qnae
517 1409 697 1476 Platonicam
722 1409 856 1469 idearum
869 1409 978 1469 doctri·

202 1519 269 1557 nam
295 1501 546 1577 impugnaverant
577 1498 633 1557 iix
667 1499 760 1572 igitur
784 1497 977 1557 dubitandum

199 1589 260 1645 erit
273 1588 345 1665 quin
361 1584 411 1644 hic
432 1585 514 1645 Rosii
529 1586 676 1664 sequenda
693 1587 732 1644 sit
750 1586 894 1645 sententia
907 1606 977 1644 con·

196 1674 330 1752 jicientis
354 1674 562 1753 supposititios
581 1675 671 1733 luisse
690 1673 796 1750 libros,
815 1672 976 1751 praesertim

201 1782 302 1841 quum,
313 1761 497 1821 licetdiuersi
513 1760 624 1819 fuerint
635 1782 652 1819 a
664 1761 788 1820 librisll
801 1774 831 1819 et
843 1763 867 1823 N
882 1760 978 1819 Meta-

200 1851 410 1929 physicorum,
429 1862 525 1909 tamen
545 1850 645 1908 eadem
668 1868 733 1926 quae
747 1849 779 1907 in
793 1848 841 1907 his
864 1849 978 1927 prolata

199 1950 284 1995 erant
301 1936 481 1995 continuisse
509 1936 680 2010 rideantur3
708 1937 745 1995 ei.
771 1935 913 2013 Syriauus
946 1948 976 1993 et

201 2023 497 2084 Pseudo-Alexander
514 2026 546 2081 in
563 2024 599 2083 ir.
613 2048 638 2083 1.

526 2171 551 2209 ι.
575 2152 665 2228 (132.)

241 2281 379 2353 Syrianus
395 2276 429 2334 in
444 2275 604 2354 lletaphys.
627 2274 713 2347 lll,5
737 2276 789 2336 fin.
807 2274 896 2355 fatti
915 2275 976 2357 περὶ

199 2362 249 2441 μὲν
260 2367 312 2422 τῶν
331 2366 406 2423 ἰδεῶν
419 2361 466 2421 καί
479 2368 569 2422 τοῦτον
592 2364 638 2421 τόν
654 2364 752 2442 τρόπον
768 2363 814 2422 καί
838 2362 882 2421 διὰ
902 2363 976 2440 λογι-

199 2450 322 2531 κωτέρων
342 2453 389 2511 οιαὶ
408 2449 600 2532 explicarique
617 2451 700 2529 λόγων
717 2451 772 2511 ἔστι
794 2451 881 2510 πολλθ
899 2475 977 2509 συνα-

201 2548 290 2618 γαγεῖν
313 2539 392 2616 θμοια
415 2546 468 2604 τοῖς
507 2539 741 2619 τεθεωρημένοις),
770 2561 800 2618 p.
832 2542 910 2615 303,
941 2541 976 2598 33

202 2628 345 2700 tirannis„
358 2627 457 2688 Schol.
468 2628 499 2686 iu
513 2627 673 2706 lletaphys.
688 2628 783 2688 Ber-ol.
804 2629 876 2700 1837
892 2625 978 2687 ιὍτι

201 2703 252 2791 μὲν
272 2715 370 2774 τούτων
391 2714 463 2773 οὐδὲν
485 2714 563 2773 πλέον
589 2718 671 2775 εἰπεῖν
690 2714 748 2794 ἔχιι
775 2717 839 2795 πρὸς
858 2716 975 2786 τὴντῶν

199 2805 274 2861 εἰδῶν
287 2801 406 2860 ὑπόθεσιν
419 2801 495 2869 δηλοῖ
504 2798 551 2859 καὶ
560 2798 591 2857 τὸ
605 2801 708 2879 πρῶτον
722 2797 820 2869 ταύτης
831 2800 876 2869 τῆς
891 2821 973 2875 προγ-

201 2890 311 2960 μοιτείας
327 2887 426 2966 βιόλίον
441 2886 530 2945 καὶτὰ
541 2886 601 2967 περὶ
615 2890 667 2944 τιῦν
683 2888 757 2943 εἰδῶν
774 2888 845 2964 αὐτῷ
857 2909 974 2961 πεπραγ-

203 2978 353 3049 Ιναεευμένα
368 2975 413 3034 δύο
426 2974 531 3053 βιύλία·
547 2972 639 3052 σχεδὸν
650 2973 701 3052 γθιρ
716 2971 798 3030 ταῦτθι
806 2978 889 3030 ταῦτα
901 2995 971 3029 ποιν-

199 3074 285 3149 ττχοῦ
307 3066 341 3128 τὰ
368 3068 565 3147 ἐπιχειρήματα
594 3065 748 3149 μεταρίρων
771 3067 817 3124 καὶ
841 3065 903 3123 ποτὲ
931 3062 978 3139 μὲν

202 3155 271 3215 αὐτὰ
291 3158 525 3236 κατακερματίζων
540 3156 586 3215 καὶ
598 3158 769 3236 ὑποθιαιρῶν,
783 3152 848 3213 ποτὲ
867 3153 894 3214 δὲ
917 3176 978 3212 ουν·

201 3244 361 3325 ἰομιιίτερονΙ
372 3242 548 3321 ἀπαγγέλλων
571 3252 695 3321 πειρᾶται
715 3242 774 3308 τοὺς
787 3240 979 3322 πρεσόυτέρους

202 3336 280 3393 οθτοῦ
303 3332 457 3413 ριλοσόρους
480 3330 604 3393 εὐθύνειν.
622 3332 738 3391 Similia
758 3354 774 3391 e
795 3333 860 3391 cod.
887 3332 978 3389 Paris.

206 3423 280 3499 1895
290 3424 426 3498 leguntur
441 3422 519 3501 apud
535 3422 705 3495 liauaisnon,
717 3427 799 3479 lii-sai
809 3443 858 3478 sur
874 3423 904 3477 ia
920 3424 979 3477 Μό-

199 3515 280 3587 taplt.
294 3523 315 3571 t
330 3510 355 3582 l,
368 3531 400 3588 p.
413 3511 463 3582 75.
795 3496 804 3508 ¹

242 3598 383 3674 syrianus
407 3597 438 3655 in
453 3597 579 3676 llletaph.
595 3596 675 3672 lllll,
696 3600 727 3670 6,
753 3619 787 3655 ιο
807 3594 860 3673 (Τὰ
874 3593 921 3671 μὲν
936 3586 981 3654 οὖν

202 3682 382 3758 αυμῦαίνοντα
392 3682 476 3741 τοῦτοί
485 3706 514 3741 τε
525 3681 574 3741 κᾶν
589 3683 629 3746 ἔτι
638 3684 721 3743 πλείω
733 3679 888 3763 συναχθείη)
900 3682 977 3762 apud

204 3770 336 3843 Braudis,
347 3774 488 3845 deperdit.
499 3776 586 3828 Arist.
597 3776 659 3833 libr.
671 3776 707 3830 cle
716 3778 792 3831 Ideis
801 3787 831 3829 et
841 3776 878 3828 de
888 3776 973 3838 Bono,

205 3860 298 3917 linum.
322 3860 409 3930 1823,
430 3878 462 3935 p.
483 3866 517 3925 ll
547 3880 553 3914 ι
577 3860 671 3919 Τοῦτό
693 3863 763 3919 ἐστιν
786 3858 804 3917 θ
828 3861 855 3917 ἐν
878 3856 977 3923 τούτοις

204 3946 334 4023 ἀντιλέγει
344 3952 400 4010 ταῖς
413 3948 465 4001 τῶν
482 3944 667 4024 Πυθαγορείων
677 3947 722 4005 καί
736 3948 915 4008 Πλατωνικῶν
932 3947 978 4001 ιἰν-

206 4033 273 4111 δρῶν
286 4032 413 4112 θεωρίαις,
428 4032 487 4105 ἃθὴ
497 4034 613 4114 περιέχει
623 4036 668 4094 καὶ
679 4034 712 4091 τὰ
727 4038 752 4093 ἓν
768 4038 805 4116 τῷ
821 4034 918 4111 μείζονι
927 4035 978 4090 τῶν

1033 885 1081 961 μίν
1105 878 1148 947 οῦν
1173 888 1385 966 συμῦιιίνοντα...
1410 889 1443 948 τὰ
1468 890 1578 970 ῥηθέντα
1608 895 1673 962 ἐστί,
1704 897 1747 951 καὶ
1769 894 1808 952 iri

1031 973 1114 1033 πλείω
1127 973 1226 1035 τούτων
1251 976 1401 1055 συναχθείη,
1421 976 1454 1035 rit
1475 978 1534 1057 περὶ
1561 983 1611 1037 τῶν
1636 982 1719 1039 liiidie
1740 1006 1805 1061 γρα-

1032 1062 1113 1137 φέντα
1127 1064 1197 1140 αὐτῷ
1219 1062 1265 1123 δύο
1287 1062 1388 1141 βιόλίτ,
1405 1065 1473 1123 ἄλλα
1487 1066 1549 1123 ὄντα
1571 1068 1644 1147 παρὰ
1668 1070 1698 1127 τό
1718 1070 1746 1146 μ’
1761 1068 1806 1129 καί

1032 1147 1053 1204 ν’
1066 1148 1112 1207 καί
1126 1149 1198 1217 ίκτος
1211 1154 1259 1222 τῆς
1280 1150 1356 1211 ticet
1371 1152 1403 1209 τθ
1423 1154 1519 1232 ρυσικίι
1542 1154 1695 1223 συντάξεως·
1710 1171 1738 1215 et
1755 1176 1805 1217 ex·

1033 1248 1123 1315 cerpt.
1139 1237 1459 1318 ePseudo·Philopouo
1473 1242 1549 1317 apud
1568 1241 1737 1319 llavaissou,
1749 1246 1771 1307 l.
1787 1245 1809 1308 l.

1036 1343 1064 1400 Ρ·
1080 1324 1129 1395 75.

1350 1471 1378 1510 a.
1402 1450 1497 1527 (133.)

1075 1573 1173 1633 Schol.
1204 1575 1240 1632 ad
1270 1576 1390 1652 Dionys.
1425 1576 1529 1635 'tur-ac.
1565 1578 1696 1642 Gramur.
1733 1584 1810 1661 apud

1037 1660 1153 1719 llellter.
1170 1661 1280 1724 Anecd.
1299 1683 1344 1739 gr.
1362 1677 1383 1723 t.
1395 1662 1435 1741 ti,
1451 1686 1481 1744 p.
1499 1668 1566 1741 660,
1581 1669 1618 1724 32
1633 1689 1641 1725 ε
1657 1668 1756 1729 ’lanios
1777 1671 1805 1729 it

1034 1749 1074 1805 ότι
1093 1748 1116 1805 οί
1133 1746 1188 1826 ὅροι
1207 1753 1258 1807 τῶν
1273 1751 1384 1809 καθόλου
1403 1750 1449 1811 καὶ
1464 1754 1504 1809 aial
1524 1756 1653 1829 μενόντων
1677 1757 1756 1836 εἰσίν,
1774 1763 1809 1825 ὡς

1034 1834 1080 1893 καὶ
1094 1834 1325 1914 Ἀριστοτέλης
1339 1838 1442 1916 εἴρηκεν
1462 1843 1487 1898 ἐν
1502 1848 1540 1920 τῷ
1559 1844 1650 1921 (corr.
1668 1846 1729 1926 τοῖς)
1748 1848 1809 1928 περὶ

1036 1921 1173 1995 Ἰδεῦιν,θ
1194 1924 1257 2003 πρὸς
1274 1924 1320 1991 τθις
1341 1927 1481 1994 Πλάτωνος
1496 1931 1564 1998 ἰθέας
1587 1930 1656 1991 ἐστὶν
1673 1935 1745 2016 αὐτῷ
1757 1958 1811 1995 πε-

1035 2012 1180 2089 ποιημένα.
1197 2011 1239 2073 Ti
1258 2012 1305 2089 μὲν
1328 2014 1423 2093 μερικόι
1445 2016 1532 2075 πάντα
1552 2019 1750 2095 μεταθοίλλουοι
1764 2024 1809 2085 καί

1035 2100 1157 2158 οὐδέποτε
1168 2099 1295 2165 ὡσαύτως
1309 2098 1411 2181 ἔχουσι,
1427 2102 1460 2160 ad
1472 2104 1499 2163 δὲ
1515 2106 1625 2165 καθόλου
1636 2108 1754 2187 ἄτρεπτα
1765 2114 1811 2173 καί

1036 2183 1110 2247 titii
1123 2190 1207 2249 ἐστιν.

1075 2276 1144 2334 ttaec
1169 2276 1205 2334 ad
1221 2279 1461 2336 commentarium
1489 2280 1520 2337 iu
1548 2278 1745 2361 liletaphysica
1764 2308 1809 2345 re·

1033 2365 1099 2423 tulit
1123 2364 1272 2435 Bouruot,
1300 2365 1332 2422 iu
1356 2370 1598 2429 commentatione
1625 2388 1632 2428 :
1661 2374 1808 2433 Platonica

1033 2456 1186 2511 Aristotelis
1209 2457 1353 2529 opuscula,
1369 2454 1492 2516 Putbus.
1517 2458 1589 2514 1853
1608 2457 1697 2533 editu,
1725 2481 1755 2539 p.
1774 2462 1805 2536 5,

1033 2541 1138 2599 collato
1161 2541 1297 2618 Asclepio
1316 2542 1347 2599 in
1371 2542 1532 2620 lletaphys.
1552 2545 1578 2616 l,
1594 2566 1624 2621 9,
1647 2546 1714 2627 ιίίξ
1736 2549 1807 2607 ἐνίων

1034 2626 1081 2704 μίν
1097 2626 1148 2705 γὰρ
1160 2628 1207 2685 οὒκ
1220 2625 1321 2704 ἀνάγκη
1335 2630 1468 2706 γίγνεσθαι
1480 2630 1657 2709 συλλογισμόν
1664 2635 1682 2713 γ,
1694 2655 1726 2713 p.
1744 2635 1810 2708 563,

1033 2718 1071 2788 Α,
1089 2720 1125 2774 23
1148 2715 1253 2775 Brund.
1278 2715 1424 2794 ιΤέοοοιρα
1440 2706 1483 2774 οθν
1508 2716 1579 2775 alim
1602 2722 1753 2800 ὑπάρχουσι
1776 2722 1809 2781 rit

1035 2804 1170 2863 δεικνύντα
1194 2801 1235 2862 ότι
1259 2805 1286 2861 αἱ
1308 2804 1375 2862 ίθέαι
1398 2807 1579 2885 ὑπάρχωσιν,
1599 2809 1725 2882 ἀλήθεια,
1742 2814 1809 2888 μονὴ

1036 2891 1081 2949 καί
1098 2890 1203 2968 μνήμη,
1223 2890 1347 2969 ἀριθμὸς,
1371 2892 1416 2950 καί
1440 2891 1555 2971 θρισμός.
1573 2892 1622 2951 Ἐκ
1636 2892 1683 2970 μὲν
1698 2887 1742 2955 οὖν
1764 2902 1811 2969 τῆς

1035 2978 1157 3051 ἀληθείας
1178 2976 1245 3036 οὕτω
1259 2976 1446 3045 κατεσκεύαζον
1467 2981 1506 3036 θτι
1520 2977 1680 3060 θποίρχουοιν
1693 2988 1721 3044 αἱ
1733 2984 1810 3043 ἰδίει.

1033 3064 1144 3145 ''liis-pov
1155 3066 1206 3147 γθιρ
1218 3064 1298 3131 οὕτως
1316 3064 1355 3123 ὅτι
1370 3068 1479 3125 ἐνταῦθα
1497 3068 1543 3125 οὐκ
1557 3066 1611 3127 ἔστι
1626 3070 1729 3151 καθαρίι
1744 3073 1809 3154 εἰλή-

1035 3158 1106 3230 θεια,
1122 3151 1182 3210 ἀλλ’
1196 3152 1251 3232 ἔχει
1273 3150 1434 3231 μεμιγμένον
1453 3150 1483 3211 τὸ
1503 3155 1594 3234 ψεῦδος
1615 3156 1659 3215 καί
1675 3158 1721 3216 οὐκ
1741 3158 1810 3219 ἔστιν

1035 3240 1152 3313 ἀλήθεια.
1169 3238 1349 3317 Ὠμολόγηται
1370 3239 1396 3297 δὲ
1413 3238 1455 3299 ότι
1472 3238 1542 3300 ἔστιν
1563 3242 1681 3315 ἀλήθεια·
1699 3244 1744 3305 tio
1758 3245 1810 3326 γθρ

1038 3328 1076 3405 μθ,
1097 3318 1114 3407 ᾖ
1130 3326 1251 3403 ἀλήθεια,
1267 3327 1319 3385 οὐδ’
1334 3328 1399 3386 ἄλλο
1411 3327 1437 3385 τί
1456 3331 1535 3399 ἔστιν,
1554 3326 1576 3387 εἴ
1593 3353 1623 3407 γε
1634 3334 1665 3391 ἐκ
1680 3336 1726 3404 τῆς
1741 3335 1809 3404 ἀλη-

1038 3415 1108 3483 θείας
1130 3417 1164 3475 τίι
1182 3414 1251 3473 ἄλλοι
1274 3414 1446 3495 προέρχεται.
1462 3414 1583 3497 Φανιρθν
1603 3408 1647 3477 οῦν
1669 3419 1708 3479 ὅτι
1724 3422 1809 3501 θπύρ-
1859 3430 1863 3441 ”

1036 3528 1129 3584 χουσιν
1145 3506 1171 3561 αἱ
1193 3502 1266 3561 liius·
1287 3501 1351 3585 παρ’
1368 3504 1459 3570 αὐτοῖς
1470 3502 1520 3582 γὰρ
1535 3502 1647 3575 σώζεται
1670 3506 1700 3567 τό
1719 3508 1811 3587 ἀμιγὲς

1037 3592 1084 3652 καὶ
1107 3590 1220 3671 καθαρόν
1234 3589 1340 3649 πόντων
1360 3593 1412 3649 τῶν
1432 3590 1607 3669 πραγμύτων,
1632 3592 1700 3653 ὥστε
1726 3594 1772 3655 καί
1792 3603 1809 3671 ἡ

1036 3680 1131 3761 κυρίως
1148 3679 1266 3751 ιἰλήθιιοι.
1285 3678 1373 3739 Πόλιν
1396 3680 1425 3738 δέ
1442 3703 1519 3760 φασιν
1535 3678 1574 3738 ότι
1590 3682 1612 3739 εί
1623 3680 1661 3754 μή
1677 3684 1746 3743 ἐστιν
1769 3686 1810 3744 ε’ν-

1037 3775 1119 3829 ταῦθε
1137 3766 1215 3845 μονὴ,
1231 3766 1299 3845 μηδὲ
1314 3765 1418 3847 καθαρὰ
1430 3766 1521 3847 μνήμη
1536 3768 1580 3839 διθι
1592 3767 1622 3827 τθ
1641 3770 1746 3851 ρευοτθν
1765 3776 1811 3843 τῆς

1036 3860 1140 3928 ὕληςὴ
1160 3856 1210 3935 γθιρ
1227 3860 1312 3939 ρεῦσις
1339 3854 1408 3927 aii-q
1431 3859 1477 3914 οὒκ
1500 3859 1530 3937 ἑᾷ
1554 3856 1663 3935 μόνιμον
1680 3848 1746 3919 εἶναι
1766 3860 1811 3919 καί

1036 3938 1163 4015 στάσιμον
1186 3933 1233 4007 τὴν
1258 3934 1374 4012 μνήμην·
1396 3934 1451 3995 ἔστι
1468 3934 1507 3994 ’δὲ
1528 3936 1742 4019 θμολογουμίνως
1762 3962 1810 3999 κα·

1036 4024 1104 4104 oapi:
1128 4022 1220 4101 μνήμη
1244 4022 1289 4080 καί
1314 4020 1454 4102 εἰλικρινὴς
1475 4024 1520 4082 καί
1551 4024 1679 4091 ἀθόλωτος
1703 4027 1747 4084 καὶ
1771 4028 1811 4085 iai

207 4120 232 4178 α’
251 4120 371 4203 ρηθέντα,
395 4126 430 4187 ὡς
455 4122 500 4180 καὶ
522 4126 535 4180 θ
558 4124 793 4200 θπομνηματιοτλς
811 4122 979 4201 ἈλεἜονθρος
1036 4112 1160 4178 ὡσαύτως
1178 4110 1285 4189 ἔχοντα,
1309 4111 1379 4169 ἔστιν
1402 4108 1452 4189 θρα
1475 4110 1530 4168 ἰδέα
1546 4112 1651 4189 μνήμης
1674 4114 1747 4191 παρὰ
1773 4118 1809 4193 τῷ

204 4208 402 4285 ύπεσημήνατο.
413 4209 512 4269 Διὸκοιλ
528 4214 605 4286 ἡμεῖς
614 4208 712 4276 τούτοις
723 4209 909 4280 ἐπισπίοαντες
923 4206 978 4267 οὔδ’
1036 4203 1198 4280 δημιουργῷ,
1211 4199 1301 4269 initii.
1326 4198 1372 4257 ml
1388 4200 1426 4257 δεῖ
1441 4188 1506 4257 iiiii
1522 4200 1568 4271 iii
1594 4198 1673 4267 ὄντως
1692 4200 1809 4279 μνήμην,

202 4378 391 4439 suppositionem
408 4377 521 4428 habuisse
536 4378 632 4439 dicere,
645 4378 752 4429 ostendit
773 4380 798 4427 et
814 4378 907 4441 primus
928 4379 976 4426 tte-
1032 4369 1073 4420 illa
1091 4367 1246 4429 dereliquisse
1274 4370 1503 4431 pannoniarum
1534 4382 1579 4419 nee
1605 4381 1755 4433 quecunque
1784 4371 1808 4419 in

204 4464 383 4527 upnysinorum
392 4465 453 4515 tiber
462 4468 487 4516 et
499 4465 548 4515 duo
562 4466 654 4529 abipso
664 4466 789 4530 pomponii
801 4466 833 4517 σε
845 4464 976 4516 qnalibet,
1031 4455 1127 4507 dnobus
1140 4453 1207 4505 libris
1221 4452 1252 4505 de
1262 4452 1326 4505 ideis
1341 4456 1424 4504 muira
1437 4454 1503 4519 ipsos
1512 4455 1581 4505 dixit.
1594 4456 1654 4507 Fere
1664 4458 1727 4507 enim
1737 4458 1807 4507 eiiam

204 4553 386 4603 sementinum
392 4553 492 4603 agnem
501 4553 814 4617 uniqueqrgnmamnm
821 4554 976 4614 macerem,
1030 4544 1063 4595 ibi
1078 4545 1129 4595 tea
1140 4544 1223 4593 eadem
1234 4542 1326 4606 repetit.
1337 4543 1418 4601 Quare
1426 4542 1480 4605 jare
1492 4557 1534 4607 per
1545 4544 1629 4596 endem
1641 4545 1723 4609 utique
1737 4544 1808 4593 inerit

203 4638 348 4703 quaudoque
362 4641 492 4691 inminuta
504 4654 589 4691 secans
603 4646 628 4692 et
648 4640 815 4703 subdividens,
832 4640 977 4704 quandoque
1031 4634 1103 4683 ellim
1116 4632 1147 4682 td
1162 4631 1203 4681 lli&
1216 4642 1340 4682 wurm-

205 4742 262 4777 vero
274 4728 467 4793 compendiosius
481 4730 621 4791 enuntians,
641 4731 717 4780 tentat
724 4729 870 4793 antiquiores
880 4741 908 4779 κο
918 4728 977 4778 diri·

203 4829 258 4878 gere
276 4815 438 4881 philosophos.
1058 4864 1060 4868 .

236 4904 294 4954 lieo
309 4907 366 4954 sunt
381 4918 438 4968 que
453 4904 479 4956 in
495 4906 534 4956 Ιιίε
554 4906 597 4970 (ia
616 4906 684 4956 turo
704 4908 775 4957 ,titt
788 4905 978 4969 ttetupitnsteo·
1064 4906 1199 4958 Notandum
1212 4909 1251 4956 est
1263 4904 1413 4956 definitiones
1424 4907 1593 4957 universalium
1612 4908 1636 4955 et
1653 4916 1736 4955 eorum
1752 4913 1807 4953 ease

205 4995 280 5053 ram>
300 4992 441 5043 mntndieit
461 4994 673 5057 Pythagodoorom
694 4992 910 5045 etPiatonto'omm
929 5007 979 5057 ape
1033 5008 1088 5060 qnae
1101 5006 1194 5059 semper
1213 4996 1324 5055 manent,
1338 4997 1365 5044 ut
1381 4998 1407 5045 at
1421 4993 1560 5044 Aristoteles
1574 4992 1636 5042 ‹lixit
1648 4992 1673 5040 in
1691 4988 1757 5041 libris
1775 4986 1807 5039 de

203 5078 363 5130 rotationibus
383 5080 539 5142 Aristoteles,
557 5095 614 5146 quae
631 5084 695 5132 uerte
711 5084 903 5145 mmpiectuntur
913 5084 938 5131 et
951 5094 979 5131 es
1033 5084 1109 5145 ideis,
1121 5096 1182 5147 quos
1197 5085 1280 5132 eontra
1296 5082 1401 5133 Platonis
1414 5080 1480 5131 ideas
1492 5079 1639 5143 ouriscrlpslt
1653 5076 1809 5131 Particularia

206 5178 263 5228 que
273 5166 297 5214 in
310 5166 400 5229 majore
411 5169 432 5216 α’
444 5171 500 5219 sunl
515 5169 593 5229 dieta,
608 5173 637 5220 ut
652 5172 678 5220 et
696 5172 869 5219 commentator
879 5170 981 5219 Alexan·
1033 5171 1112 5221 omnia
1136 5174 1260 5221 mutantur
1276 5173 1302 5220 et
1325 5181 1447 5233 nunquam
1468 5166 1551 5217 eodem
1569 5166 1642 5217 modo
1661 5180 1688 5219 ιο
1704 5166 1805 5226 habent,

206 5252 251 5304 der
263 5258 438 5305 mmmmtatus
453 5258 499 5307 est.
509 5256 570 5307 ideo
580 5260 605 5307 et
625 5271 669 5307 nos
685 5258 738 5307 ilaec
750 5257 891 5308 adnotantes
902 5271 980 5322 ποοοε
1035 5258 1176 5309 universalia
1191 5260 1271 5309 autem
1282 5256 1412 5307 immobilia
1422 5259 1447 5306 et
1460 5260 1548 5306 atei-na
1564 5258 1628 5306 sunt.
