4017 5984
697 524 965 595 COlllhlEN'l'ARll
991 529 1197 593 lllS'l'OlllCl.
1222 529 1377 592 PEPLUS.

559 668 578 725 s
600 654 693 781 (ομ).

281 800 415 862 Erotion.
431 799 528 859 Gloss.
540 797 682 878 llippocr.
693 819 724 877 p.
743 799 799 856 δια
828 796 945 857 Franu:
958 796 1013 856 Πι-

236 880 337 961 κερίιρι
355 877 472 959 βουτύριρ
492 880 528 944 ὣς
543 879 590 935 καί
609 875 789 956 Αριστοροίνης
812 879 838 936 lv
857 878 910 940 τοῖς
929 874 1012 935 ‘Yiro-

237 965 359 1044 ynnipaol
373 988 450 1047 ρησιν
465 964 506 1024 δτι
529 964 601 1031 Θόας
622 962 799 1035 θἸθοκήοιος
823 965 921 1043 ίστορεῖ
939 960 1013 1043 πορθ

237 1052 323 1133 Φρυξὶ
337 1054 454 1133 πικίριον
463 1054 599 1111 καλεῖσθαι
612 1050 642 1111 sb
658 1049 794 1131 βούτυρον.
820 1130 822 1135 Ι

278 1141 386 1201 lucum
402 1142 478 1200 inter·
501 1139 591 1199 dubia
613 1140 820 1219 Aristophanis
839 1140 911 1217 Byr.
937 1139 1012 1213 lrag-

236 1243 334 1289 menta
344 1230 442 1309 posuit
451 1228 597 1287 Nauckius
611 1248 640 1307 p.
655 1228 732 1300 αδδ,
748 1226 855 1287 llosins
866 1247 939 1286 vero
958 1247 1013 1305 pro

235 1316 434 1397 Ἀριστοφάνης,
450 1314 630 1395 Ἀριστοτέλης
644 1315 850 1393 corrigendum
870 1334 930 1373 csse
945 1332 1012 1373 een·

236 1405 408 1466 set-Eodem
424 1407 493 1480 jure
508 1402 680 1483 Ἀριστόξενος
704 1416 820 1484 poterat
845 1401 930 1481 cujus
952 1421 1012 1461 non

236 1495 330 1553 solum
345 1490 478 1575 Ἱστορικθ
490 1492 540 1551 sed
554 1506 583 1552 et
598 1492 735 1569 σύμμικτοι
748 1488 948 1567 Ὑπομνήματα
968 1490 1012 1548 ai-

237 1580 382 1655 seruntur,
407 1582 446 1641 cl.
467 1581 585 1643 hliiller.
611 1580 723 1657 Fragm.
750 1580 828 1639 llist.
844 1578 896 1640 Gr.
922 1591 944 1639 t.
969 1576 1011 1651 ll,

235 1688 265 1746 p.
287 1689 356 1746 ²9⁰·
372 1668 430 1728 Sed
450 1669 588 1728 mendum
608 1670 730 1727 fortasse
744 1670 844 1747 potius
863 1664 962 1727 subest
979 1666 1011 1725 in

235 1758 321 1816 titulo
342 1776 432 1835 quum
456 1769 485 1816 et
506 1757 579 1817 alibi
603 1756 809 1835 Aristophanis
831 1756 1012 1832 grammatici

193 1910 198 1919 ,
235 1846 391 1905 auctoritas
407 1844 444 1903 ab
460 1844 603 1903 Erotiano
630 1845 848 1923 interponatur.
874 1842 947 1915 Quis
961 1844 1014 1903 ille

235 1933 334 1993 Thoas
348 1932 507 1993 lthacesius
521 1933 610 1992 luerit
623 1932 743 1991 aliunde
754 1946 932 2013 compertum
952 1952 1012 1991 non

232 2018 388 2097 habemus,
406 2041 459 2080 nec
473 2040 584 2093 morem
595 2021 859 2081 illum'Aristotelis
875 2021 1014 2080 novimus

236 2107 360 2167 aliorum
387 2108 562 2168 testimoniis
584 2111 640 2181 uti,
656 2128 716 2187 quo
736 2108 825 2167 modo
843 2106 893 2167 hic
907 2108 1012 2166 factum

236 2213 299 2255 esse
318 2194 464 2256 ridemus.

506 2382 557 2446 lll.
580 2384 748 2445 ΠΕΠΔΟΣ.

276 2546 396 2625 Peplum
422 2548 473 2625 qui
493 2560 616 2607 vocatur
640 2547 792 2607 Aristoteli
816 2546 1011 2625 adscriptum,

235 2650 331 2710 ,neque
344 2637 426 2692 novit
439 2636 580 2710 Diogenis
605 2636 713 2695 Laertii
730 2636 818 2693 index
841 2652 934 2709 neque
948 2634 1012 2692 lau·

238 2720 309 2778 dant
319 2720 378 2779 nisi
395 2721 637 2798 recentiorisy'am
652 2722 833 2799 antiquitatis
843 2722 1011 2800 scriptores.

238 2807 281 2865 lie
297 2826 357 2885 quo
371 2820 438 2886 post
459 2807 730 2881 Schneidewinum,
745 2814 788 2866 De
802 2812 890 2886 Peplo
903 2816 1013 2866 Aristo-

238 2899 299 2953 teds
320 2898 478 2975 Staginyce,
496 2897 641 2971 Philolog.
656 2910 677 2955 t.
694 2896 718 2965 l,
732 2917 763 2975 p.
782 2918 795 2955 1
813 2915 890 2974 sqq.,
910 2896 1012 2955 llulle·

237 3002 371 3055 manum,
383 2985 582 3059 Bedcnlrr'ngen
597 2998 678 3062 regen
691 2988 728 3043 de
742 2987 871 3043 echtheid
882 2990 942 3041 vair
956 2986 1012 3042 den

238 3074 465 3146 mogenaandem
481 3069 586 3138 Πίπλος
597 3094 657 3129 van
674 3076 855 3144 Aristoteles,
867 3072 1009 3133 Amsterd.

241 3159 326 3229 rest,
341 3158 473 3236 aliosque
487 3158 680 3237 disputaturi,
696 3174 783 3219 totam
797 3160 872 3219 banc
886 3160 1013 3220 maxima

237 3247 411 3305 obscuritate
429 3245 608 3307 laborantem
634 3250 825 3326 quaestionem
844 3248 881 3307 ab
897 3250 1012 3327 integro

237 3332 437 3411 exponendam
459 3352 522 3393 esse
547 3334 685 3395 duximus
692 3379 703 3409 ,
719 3336 837 3395 omissis
858 3348 955 3395 tamen
974 3338 1013 3395 iis

237 3438 302 3497 quae
325 3420 434 3479 infelici
450 3423 651 3483 tantummodo
672 3422 864 3502 conjecturae,
880 3443 981 3484 eorum
995 3446 1012 3483 a

237 3506 344 3584 quibus
357 3506 507 3585 hucusque
523 3523 642 3570 tractata
658 3524 702 3572 est
713 3512 865 3574 debentur.

277 3593 320 3652 De
352 3594 443 3673 Peplo
472 3609 615 3674 quotquot
647 3616 803 3677 supersunt
828 3602 1009 3672 testimonia,

197 3682 200 3688 '
238 3694 336 3758 aperte
345 3682 468 3741 duorum
480 3696 546 3742 snut
556 3704 705 3760 generum.
719 3688 800 3747 llanc
813 3690 1010 3749 diversitatem

234 3766 295 3843 jam
309 3768 340 3825 in
350 3767 424 3845 ipsis
435 3768 583 3829 indicibus
596 3771 811 3847 deprehendere
822 3776 901 3837 licet.
915 3776 1010 3845 Quum

238 3854 316 3913 enirn
340 3855 417 3933 apud
440 3857 647 3934 Anonymum,
665 3861 716 3937 qui
736 3858 781 3921 bis
796 3862 879 3940 ponit
893 3864 1009 3922 titulum

241 3942 295 4017 (96
311 3955 340 3999 et
353 3943 486 4021 Append.
506 3947 576 4023 ορ),
592 3946 622 4005 in
637 3947 729 4008 altero
739 3948 815 4020 loco,
837 3952 899 4009 haec
913 3950 1012 4011 addita

237 4042 304 4087 sunt
327 4030 417 4088 verba
441 4052 450 4089 ι
474 4030 632 4113 septigenti
656 4034 772 4116 ἱστορίαν
797 4034 959 4113 σύμμικτον,
979 4040 1011 4098 in

237 4116 387 4177 Ptolemaei
402 4120 500 4179 indice
511 4122 571 4199 (83)
585 4122 709 4199 legitur:
722 4127 877 4201 Epitaphia
884 4127 1010 4201 hemum,

237 4226 301 4281 quar
314 4208 397 4283 Peplr'
407 4216 520 4266 nomine
533 4226 691 4283 censentur,
708 4215 776 4269 libri
785 4216 814 4269 V
812 4219 829 4269 1
833 4257 840 4272 .
849 4213 921 4273 Cum
937 4216 1013 4275 Ano·

237 4310 328 4371 nymo
342 4296 495 4355 manifeste
514 4296 600 4369 lacit,
615 4300 667 4376 qui
681 4301 774 4360 lusius
786 4302 870 4381 Pepli
887 4305 1012 4364 mentio-

237 4399 303 4438 nem
316 4382 419 4459 injecit
432 4384 578 4456 Socrates,
591 4386 622 4444 iu
637 4386 721 4464 eujus
736 4390 865 4450 Historia
881 4393 1013 4453 ecclesia·

238 4470 312 4528 stica
334 4470 391 4548 lll,
407 4473 443 4529 οδ
467 4494 497 4551 ρ.
526 4475 580 4532 165
607 4475 653 4535 ed.
680 4475 775 4540 Paris.
800 4483 891 4553 1686,
915 4483 956 4541 ita
976 4486 1013 4543 de

238 4554 293 4615 boc
314 4577 404 4635 opere
422 4560 576 4619 disseritur
599 4581 607 4621 r
629 4563 678 4622 Διὸ
703 4567 751 4625 οὔκ
766 4568 933 4647 alnyrlrosrpt
948 4574 1012 4631 πολ-

236 4641 297 4709 λοδς
312 4645 462 4724 ἀνθρώπως
475 4644 671 4718 duodeuicesima
685 4652 730 4711 καί
744 4652 794 4713 είθε
817 4678 847 4735 γι
868 4656 918 4717 κθν
939 4681 1013 4738 χρη-

239 4728 314 4797 στοὺς
329 4730 374 4791 τδν
397 4732 492 4812 τρόπον
505 4734 523 4807 ἢ
538 4736 652 4807 δικαίους
666 4737 684 4811 ἢ
700 4740 851 4822 σώφρονας,
866 4744 934 4805 titt
948 4748 1012 4808 desi·

239 4838 329 4893 γνους,
339 4820 459 4895 ἀδίκους,
475 4824 540 4902 μίθῃ
553 4826 773 4905 δεδουλωμένους,
783 4830 930 4913 Ἡρακλέας
942 4836 1012 4915 ρημὶ

238 4904 285 4962 καί
309 4908 447 4977 Διονύσους
461 4910 506 4969 καί
518 4912 705 4989 Ἀσκληπιούς,
717 4918 775 4977 καθ’
799 4910 835 4979 διν
850 4926 965 5003 συνεχῶς
983 4926 1012 4984 ir

224 4991 292 5067 ,τοῗς
318 4997 397 5055 sisoi
413 4996 497 5077 λόγοις
520 5000 624 5079 ὀμνύων
637 5004 761 5074 Aricinos
780 5009 827 5069 οὗκ
845 5010 1011 5089 αἰσχύνεται·

240 5070 278 5139 ὃν
301 5080 360 5151 τοὺς
388 5087 537 5166 ἀρσενικοθς
561 5092 607 5151 καί
633 5092 760 5163 θηλυκοδς
779 5092 876 5175 ίρωεας
899 5100 922 5157 εί
940 5100 1012 5157 ἀπα·

1780 530 1839 593 309

1068 663 1262 744 ριθμησαίιιην,
1277 662 1376 741 μακρδς
1389 660 1454 737 ἡμῖν
1467 658 1569 719 letari
1589 662 1638 730 τῆς
1650 659 1838 739 παρεκύσίσοως

1066 751 1153 829 λύγος.
1173 749 1288 831 ’Δρκίοει
1316 748 1345 809 dl
1367 752 1420 815 τοῖς
1441 751 1525 806 ταῦτα
1549 747 1645 823 γνιῗιναι
1667 747 1798 808 ίθίλουαιν
1823 750 1837 807 θ

1066 836 1324 919 ’λριστοτίλους
1347 834 1454 901 Πίπλος
1476 832 1556 893 καὶὸ
1582 832 1717 893 Διονυσίου
1731 836 1838 917 Στύρα-

1066 948 1108 992 νος
1126 925 1172 985 καί
1190 923 1315 1001 Ῥηγίνου
1334 928 1350 984 δ
1372 919 1559 998 Πολυμνίμινν
1582 919 1700 979 καὶτῶν
1723 925 1839 996 ποιητῶν

1066 1014 1097 1072 rh
1111 1018 1227 1086 πλῆθος,
1242 1010 1269 1071 ol
1290 1010 1351 1091 περὶ
1368 1012 1454 1071 slaha
1476 1010 1623 1091 γρίψαντκ
1640 1009 1742 1087 illum
1760 1010 1840 1080 ὄντως

1066 1102 1112 1162 κοιλ
1137 1099 1271 1181 ρλήναρον
1292 1095 1368 1177 napis
1389 1105 1456 1157 nter
1478 1099 1527 1167 τῆς
1546 1093 1684 1165 Ἑλλήνων
1708 1097 1840 1178 θεολογίας

1064 1188 1236 1249 δεικνύουσιν.
1261 1187 1409 1248 Socratem
1438 1184 1594 1263 exscripsit
1625 1184 1731 1243 iisdem
1757 1204 1841 1265 paene

1065 1279 1166 1338 uerbis
1179 1277 1361 1355 Nicephorus
1373 1274 1448 1335 llist.
1455 1273 1567 1333 becles.
1579 1272 1616 1350 X,
1630 1274 1677 1347 36,
1689 1286 1710 1332 t.
1723 1274 1749 1348 l,
1760 1278 1840 1355 11089

1066 1366 1114 1427 ed.
1130 1365 1225 1425 Paris.
1240 1365 1316 1422 1630
1327 1361 1380 1442 (ι),
1391 1362 1450 1422 nisi
1460 1363 1582 1422 fortasse
1591 1376 1714 1441 uterque
1725 1383 1743 1422 e
1756 1368 1841 1425 tertio

1067 1454 1193 1530 quodam
1208 1452 1352 1530 scriptore
1367 1448 1452 1527 cujus
1470 1468 1576 1508 nomen
1589 1451 1756 1526 ignoramus
1773 1471 1840 1513 suas

1065 1540 1167 1619 copias
1190 1539 1340 1599 derivasse
1367 1537 1528 1597 censendus
1553 1550 1608 1597 est.
1633 1536 1677 1596 lle
1704 1538 1841 1617 Dionysii

1067 1628 1224 1704 Stephano,
1244 1646 1306 1685 non
1319 1625 1438 1684 diverso
1466 1625 1587 1684 fortasse
1608 1624 1646 1683 ab
1668 1624 1733 1704 eius
1755 1630 1842 1702 Cyclo

1069 1715 1117 1792 (ci.
1133 1716 1284 1786 Welcler,
1298 1718 1356 1771 Der
1368 1712 1479 1789 epoche
1501 1715 1617 1783 critas,
1637 1734 1668 1793 p.
1693 1735 1730 1791 79
1751 1735 1796 1793 sq.
1812 1727 1842 1775 et

1067 1804 1101 1865 C.
1118 1804 1234 1876 hliiller,
1251 1786 1365 1878 liragrn.
1380 1799 1491 1862 ilistor.
1508 1821 1554 1877 gr.
1572 1815 1593 1861 t.
1608 1801 1650 1874 ll,
1664 1822 1696 1881 p.
1716 1803 1743 1881 ρ)
1759 1803 1842 1863 etde

1068 1890 1193 1968 Rhegini
1229 1894 1449 1960 Polymnemone
1481 1887 1531 1968 (es.
1559 1888 1602 1950 ib.
1625 1910 1656 1969 p.
1687 1889 1749 1970 ra),
1775 1910 1841 1970 quaa

1067 1980 1186 2040 aliunde
1198 1979 1394 2058 comperimus
1406 1976 1563 2036 ostendunt
1580 1991 1781 2054 argumentum
1797 1978 1837 2037 li·

1068 2067 1116 2126 bri
1129 2066 1279 2126 Aristoteli
1293 2066 1435 2145 adscripti
1456 2077 1523 2143 apte
1543 2064 1703 2124 indicatum
1724 2067 1838 2125 esseio

1067 2156 1164 2213 indice
1177 2155 1337 2231 Anonymi.
1349 2153 1396 2211 Ab
1418 2153 1464 2212 bis
1485 2171 1558 2211 vero
1575 2153 1663 2231 paulo
1682 2152 1801 2213 diversa
1812 2167 1843 2215 et

1070 2262 1135 2301 cunr
1146 2241 1243 2301 indice
1254 2240 1403 2300 Ptolemaei
1417 2240 1509 2315 magis
1519 2241 1730 2300 consentientia
1744 2255 1842 2302 narrat

1069 2327 1253 2407 Porphyrius
1266 2328 1344 2408 apud
1367 2325 1549 2387 Eustatbium
1563 2327 1599 2386 ad
1612 2327 1697 2389 llom.
1709 2328 1796 2391 lliad.
1811 2334 1840 2409 β,

1069 2416 1138 2489 557,
1152 2436 1183 2494 p.
1199 2416 1269 2489 αδδ,
1285 2437 1323 2474 ao
1337 2435 1346 2477 t
1359 2412 1456 2477 Ἰατίον
1470 2412 1498 2474 δδ
1511 2414 1557 2474 καί
1581 2414 1621 2473 δτι
1643 2416 1791 2496 Πορρύριος
1805 2419 1843 2485 sle

1067 2502 1171 2563 Αίαντα
1194 2503 1352 2585 ίιιίγραμμα
1365 2502 1479 2563 παλαιδν
1494 2501 1568 2583 ρίρει
1585 2501 1678 2565 τόδε...
1698 2506 1794 2584 ἱστορεῖ
1813 2506 1841 2567 il
1900 2581 1903 2585 Δ

1066 2590 1168 2657 deiri<
1178 2590 1841 2672 ΠορφύριοςκαίδτιἏριστοτίληςσύγγραμμα

1067 2677 1338 2756 πραγματευσάμενος
1352 2677 1418 2758 irrep
1432 2678 1529 2750 ἐκλήθη
1545 2678 1662 2757 Πίπλας,
1676 2680 1842 2758 γενεαλογίας

1066 2765 1202 2843 ἡγεμόνοιν
1216 2764 1316 2833 ίξίθετο
1328 2764 1374 2824 καί
1388 2767 1454 2825 νεῶν
1468 2762 1586 2824 isim
1598 2765 1708 2844 ἀριθμὸν
1720 2765 1768 2825 καί
1781 2770 1841 2828 ίπι·

1068 2852 1215 2933 γριίμμοτα
1227 2854 1263 2920 είς
1273 2852 1378 2925 αύτούς,
1390 2851 1408 2910 δ
1421 2852 1467 2921 καί
1478 2853 1658 2933 ἀναγρύριται
1668 2855 1683 2911 δ
1695 2853 1842 2935 Πορρύριος

1066 2942 1095 3000 ίν
1108 2952 1162 3009 τοῖς
1175 2942 1212 3008 είς
1221 2942 1267 3000 τδν
1280 2940 1404 3021 Ὅμηρον
1418 2938 1492 3001 istit
1506 2939 1568 2999 ὄντα
1583 2941 1630 3001 καί
1643 2940 1716 3002 etth
1730 2964 1756 3000 τι
1767 2941 1841 3023 παχύ

1066 3029 1113 3088 καί
1124 3032 1283 3111 φλεγμαῖνον
1292 3027 1398 3110 ίχσντα.
1411 3027 1562 3108 Δίστιχαδί
1574 3026 1608 3087 σθ
1618 3026 1668 3087 δλα
1678 3030 1765 3089 iuius
1776 3030 1840 3111 δίχα

1066 3122 1112 3178 τοῦ
1125 3118 1287 3200 ρηθίντοςιίς
1298 3119 1344 3178 τὀν
1356 3115 1475 3178 Αἴαντα·
1484 3116 1546 3185 ίσοις
1552 3114 1603 3196 γδρ
1615 3119 1841 3199 δίπιγρσμματο-

1066 3205 1139 3275 ποιδς
1161 3204 1383 3287 ίριλοτιχνήοατο
1400 3204 1616 3286 (ίριλοτεμήσατο
1637 3205 1738 3265 nescio
1757 3207 1837 3267 unde

1067 3294 1154 3353 habet
1184 3293 1369 3369 Stallbauur.)
1393 3292 1549 3360 Δπιναντίας
1570 3290 1653 3352 ίλθδιι
1673 3294 1711 3373 τῷ
1741 3299 1839 3375 ποιητῇ

1067 3381 1111 3441 iul
1133 3380 1181 3459 pir
1202 3385 1241 3464 τῷ
1260 3384 1380 3463 λαμπρῷ
1402 3380 1498 3442 Αίανει
1519 3382 1715 3456 πολυλογῆσαι,
1728 3380 1788 3449 τούς
1811 3384 1840 3445 dl

1067 3471 1162 3537 ἄλλους
1174 3462 1252 3540 ἦττον
1268 3477 1405 3547 σεμνῦναι.
1420 3468 1492 3541 Quae
1504 3470 1529 3529 si
1548 3489 1620 3529 reta
1638 3470 1675 3527 ab
1688 3468 1841 3531 Eustathio

1067 3556 1156 3617 relata
1178 3570 1262 3630 sunt,
1286 3569 1399 3636 partem
1423 3569 1533 3616 tantum
1562 3556 1726 3632 argumenti
1752 3560 1841 3621 totius

1066 3648 1164 3726 operis
1179 3646 1353 3725 descriptam
1367 3664 1431 3705 esse
1444 3665 1461 3705 a
1472 3646 1637 3725 Porphytio
1651 3649 1721 3709 satis
1732 3652 1842 3731 perspi·

1066 3752 1151 3792 cuum
1172 3745 1233 3806 est,
1249 3735 1329 3812 quod
1353 3748 1382 3794 et
1405 3734 1566 3811 fragmento
1588 3736 1797 3814 comprobatur
1822 3761 1841 3800 a

1065 3821 1225 3882 Scholiaste
1256 3822 1394 3883 Aristidis
1434 3835 1561 3884 servato.
1590 3822 1693 3883 Cetera
1723 3828 1840 3900 omnia,

1066 3924 1172 3988 prater
1188 3933 1279 3972 unum
1294 3913 1326 3971 in
1340 3912 1462 3973 scholiis
1474 3912 1634 3971 homericis
1648 3913 1782 3991 allatum,
1804 3917 1841 3977 de

1067 4018 1127 4076 quo
1141 4000 1270 4060 dubitari
1289 4012 1400 4081 potest,
1415 4001 1535 4061 metrica
1556 4015 1640 4071 sunt,
1657 4002 1699 4061 ita
1716 4016 1749 4062 ut
1770 4005 1841 4064 falsa

1062 4086 1144 4169 ‘apud
1159 4090 1300 4165 quosdam
1314 4102 1382 4148 nata
1395 4089 1434 4148 sit
1449 4090 1570 4168 opinio,
1586 4090 1623 4149 de
1644 4089 1735 4168 Peplo
1756 4094 1838 4168 qnasi

1068 4176 1183 4253 poetico
1206 4178 1333 4255 quodam
1356 4196 1456 4257 opsere.
1478 4178 1522 4236 lle
1554 4178 1602 4237 his
1623 4178 1841 4256 epigrammatis

1068 4282 1137 4321 mox
1151 4262 1337 4338 ridebimus,
1347 4285 1425 4325 nunc
1435 4266 1472 4324 ad
1483 4264 1568 4323 aliam
1581 4269 1639 4342 μοι
1650 4267 1839 4343 questionem

1068 4352 1239 4412 accedamus
1264 4355 1311 4413 cni
1334 4353 1410 4412 idern
1431 4352 1606 4412 scholiastes
1616 4351 1653 4410 ad
1681 4355 1841 4415 Aristidem

1068 4458 1167 4498 ansam
1181 4439 1303 4519 praebet.

1106 4525 1203 4598 Quum
1225 4529 1321 4601 eninr,
1336 4530 1468 4608 exposita
1492 4528 1658 4589 Aristotelis
1678 4530 1715 4588 de
1737 4530 1842 4591 ordine

1068 4614 1204 4674 ludorum
1216 4617 1376 4689 sententia,
1393 4617 1436 4675 ita
1449 4629 1550 4695 pergat
1563 4638 1571 4674 ι
1584 4616 1692 4691 Ταύτην
1707 4615 1754 4688 τὴν
1767 4616 1840 4688 τσίξιν

1099 4834 1108 4896 ί
1112 4836 1133 4897 t)
1145 4834 1192 4885 Ὧν
1203 4838 1256 4895 τοὺς
1271 4838 1358 4902 ἔρωτας
1369 4839 1409 4887 καὶ
1420 4838 1463 4898 τὴν
1474 4838 1582 4903 περιττὴν
1597 4836 1709 4901 φλυαρίαν
1724 4838 1744 4887 rl
1758 4841 1839 4903 καιρὸς

1066 4905 1143 4955 ίδίδου
1150 4908 1340 4972 διαριθμεῖσθαι,
1353 4909 1440 4966 πλατύς
1449 4910 1478 4959 δν
1490 4910 1532 4958 καί
1543 4908 1657 4965 tauns<
1671 4907 1785 4973 δπρράγη
1798 4913 1840 4974 γε’·

1065 4978 1112 5032 lert
1127 4982 1177 5032 wit
1188 4980 1303 5041 σύρμασι·
1316 4981 1378 5039 πλὴν
1388 4980 1521 5044 ἀποχρήσει
1534 4982 1583 5033 τοῖς
1597 4979 1716 5031 ίθίλουσιν
1725 4982 1758 5035 ὥς
1766 4981 1841 5046 τάχος

1066 5048 1125 5097 tun
1138 5047 1152 5095 δ
1167 5065 1193 5098 τε
1211 5049 1381 5114 Ἀρισσοεελους
1393 5050 1494 5109 utute,
1506 5050 1520 5098 θ
1531 5047 1657 5098 Διονυσίου
1672 5050 1785 5111 Στέφανος
1799 5054 1839 5100 καὶ

1067 5121 1081 5167 d
1091 5119 1256 5183 Πολυμνήμων
1265 5119 1376 5182 Ῥηγίνου
1388 5122 1428 5168 καὶ
1438 5120 1452 5168 θ
1462 5124 1509 5167 τῶν
1521 5124 1625 5178 ποιητῶν
1635 5120 1712 5183 χορός,
1722 5120 1744 5169 ci
1757 5121 1807 5170 κτί.

245 5196 1841 5236 --—----—-—-..—.............—......

271 5339 374 5405 ΙΙικερίῳ
390 5358 396 5390 ι
410 5340 509 5405 butyro,
521 5344 620 5397 sicutet
633 5349 806 5413 Aristophanes
821 5352 1012 5416 (Audotelett)

1064 5268 1091 5319 in
1101 5269 1290 5320 commentariis
1302 5268 1381 5332 inquit
1393 5268 1531 5320 Thoantem
1543 5269 1708 5321 ithacensium
1719 5270 1840 5337 scriptun

1065 5356 1194 5420 reliquisse
1205 5359 1310 5420 πιιίριον
1321 5357 1388 5420 apud
1399 5356 1508 5422 Phryges
1519 5357 1638 5423 butyrum
1649 5357 1774 5423 appellari.
