4017 5984
741 353 755 375 ⁰
849 393 1126 458 nosnonouns.
1742 411 1799 472 ‚⁶9

189 513 248 594 περὶ
264 518 351 596 φυτῶν
366 516 412 575 καί
435 519 533 598 χυλῶν,
550 517 741 600 Ἀριστοτέλους
765 521 813 599 μίν
828 523 878 602 οὐχ
892 521 965 604 εύρί-
1275 529 1326 592 xl,
1339 533 1548 596 ΑΝΑΤΟΜΑΙ,

189 625 295 680 σκομεν,
305 604 349 663 διὰ
364 606 395 662 τό
410 605 457 672 τός
470 605 602 674 συντάξεις
622 609 801 668 ἀπολωλίναι·
817 611 848 668 lx
872 610 900 668 θλ
920 617 964 670 τοῦ

188 693 361 776 Θεοφράστου
376 695 415 752 δεῖ
436 694 592 772 λαμόόνειν,
608 696 687 778 μέχρι
701 696 733 755 ἂν
749 701 841 778 εὑρεθῇ
866 696 900 758 τὲ
916 697 962 758 ὑπ’
1059 691 1166 752 Eadem
1177 694 1228 753 illa
1241 696 1424 774 ambiguitas,
1436 699 1473 758 de
1487 720 1545 777 qua
1555 697 1666 780 saepius¹
1676 725 1795 782 quereu-

189 781 380 863 Ἀριστοτίλους
393 783 538 864 γραφέντα.
667 865 669 870 Ι
1019 780 1089 839 dum
1110 783 1204 843 estin
1226 785 1327 846 verbis
1348 787 1530 868 philosophi,
1552 790 1583 848 in
1603 791 1657 851 liae
1679 814 1796 874 quoque

227 869 344 930 Erroris
367 870 535 930 llliclraelem
559 891 681 948 arguere
705 875 843 934 videntur
872 873 963 933 rerba
1019 870 1180 945 quastione
1192 873 1228 930 ad
1242 893 1329 952 quam
1341 896 1419 934 nunc
1434 877 1598 937 accedimus
1611 879 1707 939 locum
1719 885 1794 942 obti-

187 958 368 1038 philosophi,
396 959 432 1017 de
461 958 542 1021 Part.
565 960 654 1021 anim.
680 961 720 1038 ll,
750 984 776 1022 c.
808 983 837 1036 73
861 977 882 1022 t.
905 961 962 1034 ΙΙΙ,
1020 969 1079 1015 net.
1105 957 1139 1016 ln
1159 973 1285 1040 utroque
1301 962 1415 1037 indice,
1432 963 1509 1024 inter
1527 966 1628 1026 titulos
1649 968 1792 1029 librorum
1830 991 1833 996 ·

187 1070 218 1130 p.
239 1053 309 1126 239,
331 1049 365 1106 51
385 1071 392 1107 :
409 1047 452 1110 Ta
464 1048 511 1124 μὲν
528 1039 572 1108 σύν
594 1053 641 1122 τῆς
654 1055 750 1134 τραρῆς
774 1052 963 1132 περιττώματα
1018 1044 1054 1102 ad
1069 1046 1246 1107 Animaliurn
1261 1049 1412 1110 historiam
1421 1054 1647 1131 pertinentium,
1663 1056 1792 1116 allerun·

186 1137 246 1215 napi
265 1136 313 1206 τὴν
327 1139 374 1207 τῆς
386 1139 482 1216 τρορῆς
498 1138 590 1219 σκέψιν
602 1137 647 1197 καὶ
661 1138 770 1220 θεωρίαν
782 1140 892 1207 οἰκείους
905 1139 962 1220 ἔχει
1018 1144 1066 1190 1111·
1077 1136 1128 1211 qui
1143 1151 1288 1214 vocantur
1300 1137 1450 1216 Ἀνατομῶν
1462 1140 1550 1214 libri,
1565 1142 1591 1200 α’
1602 1141 1626 1220 β’
1636 1143 1662 1221 γ’
1674 1144 1697 1201 θ’
1705 1142 1762 1210 ε’ς’
1771 1145 1794 1213 ζ’

186 1223 245 1292 τοὺς
263 1223 362 1303 λόγους,
381 1223 433 1282 τίσι
448 1248 477 1282 τε
494 1228 544 1284 τῶν
557 1223 630 1306 ζῴων
646 1226 760 1306 ὑπάρχει
776 1228 822 1286 οιαὶ
836 1226 878 1286 tra
890 1226 961 1294 τίνες
1019 1222 1097 1297 apud
1111 1223 1196 1300 Πίος·
1213 1223 1245 1285 Ῑι.
1262 1226 1328 1300 1⁰3,
1344 1227 1405 1308 πνρθ
1419 1227 1568 1306 Ἀνατομῶν
1585 1229 1609 1298 ς’
1623 1231 1701 1310 apud
1715 1234 1793 1290 θῐνθ·

187 1313 288 1380 αἰτίας·
300 1311 333 1371 τά
358 1313 386 1370 δὲ
410 1313 471 1392 περὶ
495 1313 649 1392 σπέρματος
661 1313 706 1373 καὶ
728 1315 857 1392 γάλακτος
871 1317 898 1374 ἐν
909 1323 962 1382 τοῖς
1016 1329 1136 1385 uymum
1153 1313 1204 1385 84,
1221 1334 1295 1391 quos
1309 1317 1406 1374 statim
1420 1317 1492 1376 alter
1512 1317 1617 1376 similis
1630 1320 1741 1397 excipit
1755 1321 1792 1378 ti·

184 1401 244 1482 περὶ
257 1399 509 1479 Γενόσεως·τθμόν
519 1402 570 1480 γάρ
581 1403 651 1483 όρχὴ
665 1403 789 1482 γενίσεως
800 1405 886 1464 αὐτῶν
896 1407 961 1478 ίστι,
1018 1396 1096 1455 [ulus
1118 1396 1235 1480 Ἐκλογὴ
1263 1400 1413 1479 Ἀνατομῶν
1444 1403 1470 1461 α’
1490 1405 1568 1482 apud
1594 1406 1631 1464 Ι).
1657 1404 1690 1464 la·
1718 1416 1791 1477 νθίι

184 1487 213 1546 τὸ
228 1486 256 1546 δὲ
268 1487 346 1568 χάριν
360 1488 495 1566 γενέσεως,
522 1504 550 1548 et
559 1489 633 1551 ibid.
650 1513 676 1550 c.
693 1513 724 1568 9,
738 1505 760 1551 t.
776 1491 832 1563 lll,
843 1511 875 1568 p.
889 1493 958 1564 243,
1016 1480 1131 1562 Ἐκλογὴ
1145 1487 1244 1550 τούτων
1255 1489 1280 1547 α’
1293 1490 1370 1569 apud
1385 1493 1482 1551 bnon.
1501 1492 1549 1549 85.
1566 1492 1609 1550 lle
1623 1493 1694 1564 hoc,
1706 1512 1791 1569 quem

184 1598 202 1653 9
217 1596 225 1636 t
242 1575 306 1637 Ἔτι
320 1575 348 1635 δὲ
366 1575 427 1657 περὶ
441 1580 518 1655 γονῆς
535 1577 580 1636 καὶ
599 1578 730 1655 γάλακτος
753 1578 916 1657 ἀπελίπομεν
934 1581 960 1639 όν
1016 1585 1124 1648 praeter
1134 1575 1246 1636 indices
1256 1579 1336 1637 solus
1350 1580 1525 1657 Apollonius
1536 1580 1643 1639 Mirab.
1659 1602 1687 1641 c.
1699 1582 1737 1658 39
1749 1594 1791 1640 at·

186 1669 216 1742 τῇ
229 1665 288 1742 περὶ
303 1668 357 1725 τῶν
372 1667 458 1744 ύγρῶν
472 1665 516 1724 καὶ
536 1669 699 1745 ὁμοιομερῶν
714 1665 821 1746 θεωρία·
834 1673 887 1733 τοῖς
910 1665 960 1748 γὰρ
1016 1659 1102 1735 ῑιιΙίε,Ι
1113 1676 1218 1739 postea
1239 1665 1386 1738 dicemus,
1404 1667 1440 1724 de
1454 1665 1603 1745 Ἀνατομῶν
1617 1687 1690 1726 uero
1703 1669 1789 1728 libris

183 1752 242 1830 περὶ
254 1753 384 1821 Γινόσεως
405 1752 491 1830 λόγοις
515 1753 696 1831 ἁρμόττουσαν
717 1752 773 1834 ἔχει
786 1753 836 1825 τὴν
850 1755 959 1834 σκέψιν·
1014 1765 1104 1822 quum
1116 1751 1153 1808 ad
1167 1753 1293 1830 eosplus
1305 1773 1392 1830 quam
1408 1756 1495 1813 semel
1508 1756 1644 1814 lectorem
1657 1756 1790 1815 retulisse

182 1839 213 1897 τὸ
231 1839 279 1916 μὲν
298 1839 350 1918 γὰρ
367 1841 452 1898 αὐτῶν
476 1840 556 1919 ἀρχή,
569 1839 599 1898 τὸ
613 1839 641 1899 δὲ
656 1841 738 1922 τρορλΙ
753 1843 805 1900 τῶν
818 1841 960 1920 γινομένω,
1014 1831 1151 1894 videatur
1167 1840 1356 1917 Aristoteles,
1376 1843 1425 1900 hic
1447 1841 1508 1919 jam
1522 1843 1684 1903 disserendi
1707 1844 1790 1903 locus

182 1930 250 1990 ἐστί.
1013 1921 1081 1983 erit.
1096 1923 1182 1997 Quod
1196 1929 1222 1986 si
1237 1940 1332 1988 tamen
1344 1931 1509 1991 accuratius
1520 1933 1717 2010 inspiciuntur
1730 1931 1788 1991 loci

222 2017 625 2094 Depafrr,anim‚11‚0,7‚
646 2031 667 2079 ι,
696 2018 792 2097 111‚p,
809 2019 956 2090 238‚4ss:
1013 2011 1790 2098 satismulti‚inquibusduuropo”nruentioapuddris·

181 2101 229 2162 Διό
241 2103 287 2162 οιαὶ
297 2103 329 2162 τόι
346 2104 465 2186 ῥεύματα
477 2105 530 2173 τοῖς
540 2106 661 2180 σύιμασιν
672 2107 701 2165 ἐκ
715 2108 761 2176 τῆς
772 2109 888 2182 ιιεραλῆς
900 2107 956 2168 ἔστι
1016 2102 1133 2162 totelem
1149 2103 1222 2162 lacta
1235 2117 1289 2177 est,
1307 2107 1427 2164 minime
1440 2127 1542 2166 eorum
1554 2109 1685 2166 omnium
1703 2128 1788 2166 unam

180 2192 228 2262 clv
244 2191 338 2272 ἀρχήν,
351 2191 420 2261 όσοις
434 2195 465 2251 ἂν
480 2183 499 2273 ᾖ
512 2194 544 2252 τό
558 2194 618 2274 περὶ
632 2194 677 2254 τὸν
699 2194 842 2275 ἐγιιίριιλον
857 2193 955 2274 ψυχρό·
1016 2192 1204 2270 eamdemque
1237 2195 1377 2254 rationem
1406 2214 1469 2254 esse
1504 2196 1588 2256 facile
1625 2195 1787 2274 apparebit.

180 2301 243 2356 τερα
269 2287 316 2353 τῆς
340 2283 491 2361 συμμέτρου
518 2283 652 2362 κράσεως·
668 2281 885 2362 άναθυμιωμόνης
905 2285 956 2365 γάρ
1017 2281 1187 2359 Areliquis‚
1201 2282 1241 2339 ita
1250 2284 1376 2360 primunr
1385 2284 1555 2344 secernendi
1566 2296 1635 2342 sunt
1647 2283 1787 2361 quinque,

180 2367 223 2424 διὰ
238 2371 291 2427 τῶν
308 2367 411 2449 ρλιόῶν
428 2369 483 2428 ἄνω
503 2375 550 2441 τῆς
563 2375 672 2452 τρορῆς,
690 2371 720 2430 τὸ
732 2369 885 2452 περίττωμα
906 2376 954 2452 do·
1016 2371 1046 2428 in
1072 2368 1181 2448 quibus
1195 2371 1325 2445 άνατομαί
1339 2371 1412 2430 nihil
1432 2371 1512 2430 aliud
1527 2372 1710 2447 significant,
1731 2373 1788 2432 nisi

179 2454 290 2532 ρόμενον
304 2455 347 2516 ut
360 2457 408 2528 chr
429 2463 475 2517 τοῦ
491 2459 572 2519 τόπου
594 2459 686 2519 τούτου
710 2458 820 2535 δύναμιν
836 2460 955 2538 ῥεύματα
1015 2457 1106 2534 ipsam
1126 2458 1328 2516 dissectionem
1353 2480 1521 2538 corporum.
1538 2459 1622 2530 Quod
1635 2460 1695 2537 jam
1719 2461 1789 2518 satis

179 2549 248 2601 ποιεῖ
271 2544 420 2620 φλέγματος
438 2545 484 2604 καὶ
503 2547 606 2625 ἰχῶρος.
624 2552 672 2605 Δεῖ
697 2544 724 2604 δὲ
740 2549 843 2624 λαβεῖν,
859 2549 893 2614 ύις
908 2571 955 2624 με·
1014 2545 1162 2604 declarant
1181 2565 1247 2623 quae
1263 2566 1442 2624 apponemus
1455 2547 1624 2627 philosophi
1636 2551 1747 2605 verba:
1796 2593 1801 2600 .

179 2631 252 2710 γάλῳ
266 2632 456 2710 παρεικάζοντα
472 2632 574 2714 μικρόν,
586 2635 681 2710 ὁμοίως
698 2633 850 2709 συμόαίνειν
866 2635 956 2714 ῶσπερ
1054 2633 1098 2690 lle
1113 2632 1250 2692 Generat.
1267 2635 1394 2696 Animal.
1409 2635 1448 2707 ll,
1462 2657 1491 2708 7.
1502 2649 1522 2694 t.
1537 2636 1592 2712 lll,
1607 2657 1637 2714 p.
1651 2637 1717 2708 366,
1728 2639 1785 2695 25:

179 2718 228 2789 τὴν
252 2721 305 2776 τῶν
318 2721 401 2778 θετῶν
416 2719 532 2799 γένεσιν·
555 2721 773 2798 άναθυμιωμένςς
795 2720 845 2802 γάρ
865 2723 896 2781 ἐκ
909 2728 956 2796 τῆς
1014 2723 1050 2780 0l
1063 2719 1090 2779 dl
1105 2721 1225 2799 λέγοντες
1243 2719 1383 2802 τρόρεσθαι
1395 2721 1429 2780 τά
1447 2723 1541 2781 παιδία
1556 2725 1582 2780 όν
1597 2730 1655 2789 ταῖς
1668 2722 1787 2801 ὑστέραις

179 2809 227 2884 γῆς
249 2811 297 2880 τῆς
311 2806 420 2885 άτμίδος
434 2809 481 2867 καί
501 2808 645 2890 ρερομένης
659 2809 711 2884 ὑπό
723 2814 768 2868 τοῦ
783 2813 878 2887 θερμοῦ
892 2812 956 2889 πρός
1014 2806 1058 2867 διά
1073 2815 1120 2868 τοῦ
1140 2807 1275 2886 σαρκίδιόν
1297 2832 1323 2866 τι
1344 2809 1468 2888 βδάλλειν
1483 2811 1531 2870 οὐκ
1554 2811 1636 2891 ὀρθῶς
1656 2807 1785 2886 λέγουσιν.

179 2892 223 2952 τὀν
240 2893 294 2952 άνω
307 2892 396 2968 τόπον,
408 2894 471 2954 όταν
481 2898 507 2954 ἐν
522 2898 561 2974 τῷ
572 2893 639 2976 ὑπὲρ
652 2894 699 2966 τὴν
714 2899 764 2975 γῆν
774 2893 882 2973 γίνηται
897 2897 954 2978 etp
1013 2895 1080 2955 Ἐπί
1092 2919 1120 2954 τι
1134 2895 1187 2977 γάρ
1199 2899 1252 2956 τῶν
1267 2896 1354 2957 ἄλλων
1370 2897 1443 2978 ζῴοιν
1463 2897 1558 2956 ταύτὸν
1573 2894 1723 2956 συνόόαινεν
1736 2899 1785 2968 όν,

179 2981 234 3040 ὄντι
249 2981 519 3063 ψυχρῶσυνίσταται
532 2984 612 3044 πάλιν
629 2986 665 3051 εἰς
679 2984 748 3064 ὕδωρ
764 2982 807 3043 διὰ
819 2983 868 3056 τὴν
880 2984 955 3065 ψύξιν
1013 2991 1058 3044 νῦν
1078 2987 1102 3044 δ’
1115 2987 1144 3044 ού
1165 2983 1300 3065 ραίνετιιι,
1315 2990 1447 3065 θεωρῆσαι
1468 2984 1519 3066 γάρ
1539 2989 1617 3044 τοῦτο
1632 2983 1718 3066 ῥᾴδιον
1734 2987 1787 3044 δια

180 3070 224 3128 καὶ
239 3073 279 3152 pei
287 3071 360 3130 κάτω
374 3071 437 3148 πρὸς
451 3071 568 3147 τλνγῆν.
581 3071 660 3131 Ἀλλὰ
670 3071 731 3152 περὶ
746 3071 793 3148 μὲν
803 3069 903 3130 τούτων
921 3075 956 3133 ἐν
1013 3076 1076 3132 τῶν
1090 3075 1279 3148 ἀνατομῶν.

180 3167 256 3227 ταῖς
281 3162 344 3219 τῶν
370 3159 473 3220 νόσων
496 3162 630 3240 ἀρχαῖς
650 3159 774 3239 ἁρμόττει
797 3158 892 3237 λίγειν,
916 3162 955 3240 tq·
1054 3160 1132 3224 lbid.
1152 3159 1200 3233 Ν,
1218 3183 1242 3230 τ,
1256 3182 1286 3239 p.
1303 3163 1370 3238 393,
1388 3163 1423 3220 ι8
1438 3181 1445 3220 :
1461 3157 1524 3222 Ἔτι
1538 3161 1677 3232 θθγίνεται
1692 3160 1787 3237 δίδυμοι

179 3249 238 3308 όσον
252 3252 299 3320 τῆς
313 3252 423 3330 φυσικῆς
436 3249 590 3330 φιλοσοφίας
606 3247 678 3308 ἐστίν
692 3250 774 3307 εἰπεῖν
784 3248 844 3328 περὶ
855 3250 954 3308 αιἰτῶν.
1014 3250 1079 3321 θῆλυ
1093 3247 1139 3307 καὶ
1158 3248 1235 3327 όρρεν
1253 3247 1310 3324 όμιι
1324 3251 1351 3307 όν
1363 3251 1401 3328 τῶ
1414 3249 1486 3328 αθτῶ
1500 3246 1584 3328 μορίῳ
1596 3246 1723 3314 πολλάκις
1741 3253 1787 3318 τῆς

219 3344 313 3404 Facile
325 3346 479 3405 concedam
493 3346 612 3406 minime
624 3347 693 3406 talia
707 3365 770 3406 esse
784 3345 954 3426 philosophi
1013 3334 1139 3416 ὖοτὲρνὶ,
1148 3336 1194 3396 καὶ
1205 3335 1275 3396 τοῦθ’
1286 3337 1382 3402 tanta
1390 3335 1588 3414 τνθνωρήννμνν
1598 3336 1632 3394 όν
1645 3336 1706 3393 τῶν
1716 3337 1787 3394 ἂνα-

179 3431 287 3506 verba,
302 3447 334 3492 ut
347 3435 417 3494 satis
433 3448 511 3494 certo
527 3435 596 3493 inde
611 3435 713 3510 colligi
729 3435 830 3504 liceat,
846 3432 954 3493 librum
1012 3429 1122 3502 τομῶν
1137 3426 1165 3484 ἓν
1187 3433 1254 3484 πᾶνν
1269 3433 1322 3493 τοῖς
1336 3428 1493 3505 (nomba
1508 3422 1556 3482 ael
1575 3425 1602 3482 ἕν
1625 3431 1678 3491 τοῖς
1699 3427 1786 3493 estote

180 3519 216 3578 de
227 3520 332 3580 Morbo
346 3542 379 3581 ac
395 3521 523 3581 Sanitate
538 3542 642 3582 revera
656 3525 692 3581 ab
708 3543 744 3582 eo
758 3525 953 3601 conscriptum
1013 3514 1059 3573 καὶ
1072 3515 1099 3572 όν
1111 3522 1163 3581 τοῖς
1176 3512 1286 3592 lxliv*-

181 3608 280 3667 fuisse.
301 3610 434 3668 Attamen
455 3609 533 3668 haud
549 3610 673 3669 obscure
694 3611 860 3687 significant
874 3610 953 3687 quod
1053 3603 1130 3662 lbid.
1149 3624 1174 3662 c·
1193 3612 1223 3673 t,
1236 3623 1267 3681 p·
1285 3609 1355 3674 ύοθτ
1371 3601 1408 3658 3⁸
1424 3621 1432 3658 ²
1447 3600 1496 3660 Ἐν
1506 3599 1595 3678 ταύτῷ
1608 3597 1660 3677 lli>
1673 3596 1787 3676 illm*

180 3695 216 3753 de
229 3695 326 3756 haere
339 3697 651 3756 consiliumlrabuerit.
668 3695 769 3774 Neque
779 3695 851 3755 illud
863 3696 955 3774 objici
1013 3691 1087 3770 τόπῳ
1106 3695 1154 3762 τῆς
1168 3689 1279 3770 ὖστίρᾱε
1294 3688 1340 3749 δύο
1355 3686 1496 3757 solidate,
1511 3687 1538 3744 όν
1553 3683 1580 3744 δῖ
1594 3685 1648 3753 τοῖς
1668 3685 1785 3744 wolvol-

180 3784 307 3860 potem't,
320 3784 387 3842 talis
399 3783 470 3842 libri
481 3784 597 3842 titulum
611 3784 689 3862 apud
700 3785 858 3858 Diogenem
871 3783 956 3842 Laer·
1012 3802 1085 3857 κοις,
1098 3777 1160 3838 όταν
1184 3779 1312 3858 πληρωθῇ
1337 3777 1390 3834 τῶν
1410 3772 1548 3852 θμόρύων,
1564 3770 1655 3851 ἐρεξῆς
1672 3769 1782 3846 κείμενα

180 3871 252 3928 tium
272 3871 379 3930 frustra
392 3872 482 3949 qnaeri
495 3915 502 3942 ,
519 3871 554 3929 de
569 3873 673 3932 ceteris
692 3873 771 3932 enim
787 3871 953 3945 indicibus,
1012 3865 1141 3946 salvetat·
1156 3862 1283 3926 '1⁴05t'0ll
1296 3864 1374 3935 δῆλον
1384 3863 1419 3921 3²
1431 3863 1492 3920 τῶν
1509 3861 1689 3937 ἀνατομῶν
1702 3862 1781 3919 ἕσῗῑν·

180 3963 340 4038 praesertim
363 3957 506 4031 arabicis,
532 3958 606 4018 nihil
630 3979 708 4018 nunc
732 3977 822 4031 curo,
846 3959 957 4039 quippe
1052 3953 1129 4014 lbid.
1145 3953 1179 4023 V,
1194 3975 1229 4024 μ,
1244 3973 1275 4031 p.
1296 3951 1365 4027 415,
1385 3952 1420 4009 3ο
1443 3947 1535 4008 :hir
1549 3946 1620 4024 ὅμως
1634 3944 1784 4025 ἐγειρόμενα

180 4067 306 4124 quorum
322 4048 410 4106 nimis
429 4048 541 4106 incerta
562 4061 606 4108 est
622 4049 705 4110 fides.
720 4048 806 4118 Quod
826 4066 910 4116 vcro,
930 4049 955 4106 si
1011 4043 1132 4122 ραίνεται
1148 4039 1195 4121 (τά
1208 4044 1263 4120 ζῷα
1279 4037 1405 4116 scilicet)
1426 4037 1472 4096 παλ
1488 4038 1562 4116 irai]
1582 4033 1685 4116 μήτρᾳ,
1707 4034 1785 4105 δῆθνν

179 4135 215 4194 ad
228 4136 302 4194 hanc
316 4137 507 4220 quastiqnem
522 4134 742 4213 dijudicandam
765 4133 890 4212 alicujus
911 4154 955 4193 es·
1010 4128 1039 4189 dl
1052 4129 1152 4209 γίνεται
1164 4133 1242 4188 τοῦτο
1254 4132 1287 4188 ἐν
1301 4135 1376 4193 ταῖς
1397 4127 1608 4200 ἀνατομαῖς,
1628 4121 1675 4180 ναὶ
1689 4123 1715 4180 ὶν
1729 4128 1783 4185 τοῖς

180 4237 222 4282 set
236 4225 391 4304 ponderis,
400 4223 461 4303 jam
478 4217 538 4282 non
550 4225 646 4284 solum
661 4225 698 4283 de
712 4223 794 4282 libro
809 4222 871 4302 περὶ
882 4225 955 4302 Τρο-
1009 4217 1178 4277 ῶοτοιιοῦσιν.

180 4315 243 4391 φῆς,
260 4313 310 4371 sed
328 4313 364 4372 de
376 4312 514 4373 omnibus
528 4331 602 4390 quos
617 4312 706 4388 vulgo
728 4318 822 4380 Parva
833 4310 955 4369 Natura·
1050 4305 1192 4366 DePartt.
1212 4306 1338 4364 Animal.
1349 4302 1398 4373 IV,
1410 4322 1441 4374 a,
1454 4313 1478 4360 t.
1488 4300 1544 4371 ill,
1554 4321 1583 4378 p.
1599 4298 1667 4372 275,
1679 4306 1695 4365 4
1709 4297 1784 4357 ιΟύιι

181 4401 221 4459 lia
243 4413 363 4474 vocant,
390 4420 516 4479 quorum
539 4413 651 4479 partem
676 4400 766 4459 fuisse
788 4399 881 4457 libros
894 4398 956 4476 περὶ
1009 4397 1091 4476 ὀρθῶς
1105 4396 1129 4452 θ’
1144 4394 1258 4454 ἐοίκασιν
1274 4394 1299 4453 ol
1314 4391 1374 4469 περὶ
1391 4388 1566 4468 Ἀναξαγόραν
1585 4383 1783 4462 θπολαμόάνειν

179 4489 285 4569 Τρορῆς
296 4503 325 4548 et
333 4489 394 4563 περὶ
408 4488 496 4550 Νόσσυ
506 4487 754 4548 verisimillimum
767 4499 839 4566 puto
846 4528 856 4556 ,
872 4485 955 4546 dubi·
1010 4489 1044 4550 όις
1058 4484 1143 4543 αἰτίαν
1162 4472 1243 4540 αἶσαν
1258 4478 1325 4562 (τὴν
1341 4475 1425 4558 χολὴν
1446 4477 1512 4537 scil.
1525 4475 1533 4555 )
1546 4477 1599 4535 τῶν
1612 4472 1690 4543 όξίων
1704 4495 1784 4543 νοση-

181 4578 298 4636 ειιιιόιιιιι
326 4577 412 4639 l’oret.
427 4580 465 4636 At
487 4579 575 4656 plane
590 4577 675 4636 aliter
689 4594 720 4636 se
734 4595 768 4634 ea
788 4594 835 4634 res
856 4573 953 4634 habet.
1011 4573 1118 4652 μάτων·
1133 4568 1350 4650 ύπερόόλλουσαι·
1362 4565 1413 4644 γθρ
1428 4563 1595 4644 άπορραίνειν
1610 4561 1674 4642 πρός
1692 4584 1721 4666 ft
1738 4560 1788 4669 *JV

180 4664 286 4723 Eadem
302 4667 379 4724 enim
395 4685 497 4738 causa,
513 4685 571 4745 qua
588 4667 694 4724 facturn
707 4677 750 4723 est
767 4675 800 4722 at
816 4663 956 4741 pleraque
1009 4660 1148 4738 πνεύμονα
1160 4657 1206 4717 καλ
1219 4657 1267 4724 τὰς
1280 4653 1380 4735 ρλίόας
1392 4652 1438 4713 καί
1451 4652 1486 4711 aa
1501 4652 1617 4729 πλευρά·
1629 4651 1722 4729 σχεδον
1731 4671 1782 4726 γαρ

181 4753 346 4813 Aristotelis
372 4755 481 4833 scripta
498 4773 564 4832 quae
586 4753 703 4832 quidem
719 4771 774 4811 nos
798 4749 954 4823 habemus,
1010 4742 1048 4819 οἷς
1058 4754 1143 4809 ταῦτα
1157 4745 1297 4825 συμόαίνει
1310 4744 1344 4802 τόι
1358 4741 1431 4814 πάθη
1448 4744 1501 4800 τῶν
1514 4740 1614 4812 νόσων,
1624 4740 1673 4798 clx
1692 4735 1782 4816 ἔχουσι

181 4842 213 4898 in
232 4841 329 4901 indice
353 4843 496 4919 Diogenis
524 4842 631 4900 Laertii
650 4841 867 4912 desiderentur,
891 4838 954 4896 lieri
1009 4837 1109 4920 χολήν,
1124 4836 1201 4897 lura
1212 4834 1287 4901 ταῖς
1298 4834 1492 4906 ἀνατομαῖς
1504 4828 1604 4907 ἐγίνετο
1617 4829 1693 4884 τοῦτο
1704 4845 1782 4902 ρανε-

175 4949 299 5007 ¹qnoque
320 4931 512 5009 oportuit,ut
526 4931 563 4990 ab
577 4951 613 4991 eo
629 4929 745 5004 absint,
761 4927 836 4986 tituli
853 4945 955 4985 eorum
1011 4925 1068 5006 ρόν
1527 4988 1530 4996 .

183 5039 249 5096 quar
263 5019 298 5078 ad
313 5019 391 5079 idem
404 5039 495 5098 genus
514 5020 694 5098 pertinerent
708 5031 736 5076 et
750 5035 875 5094 quorum
894 5033 955 5073 me·
1050 5013 1123 5073 Cam
1146 5012 1194 5071 his
1211 5023 1276 5087 apte
1294 5006 1423 5066 conlerri
1448 5016 1570 5083 possunt
1593 5017 1658 5076 quae
1680 4996 1780 5055 eodem

183 5109 278 5167 croria
288 5127 410 5187 prorsus
426 5109 556 5180 interiit,
572 5119 766 5187 preterquam
786 5123 852 5182 quae
866 5102 903 5162 de
917 5102 955 5162 iis
1010 5102 1096 5181 plane
1119 5118 1207 5160 sensu
1230 5099 1263 5157 in
1284 5096 1362 5155 libro
1387 5092 1489 5172 spurio
1521 5090 1557 5147 de
1573 5085 1686 5164 Spiritu
1704 5085 1780 5142 dicta

183 5197 259 5276 apud
275 5197 372 5276 ipsum
387 5197 595 5276 philosophum
609 5197 775 5256 dictasunt.
1011 5204 1094 5263 sunt,
1116 5210 1141 5250 c.
1160 5188 1188 5261 5,
1201 5199 1223 5250 t.
1238 5183 1293 5257 lll,
1305 5203 1336 5262 p.
1352 5183 1428 5253 667,
1446 5199 1481 5236 ιο
1505 5198 1512 5236 :
1530 5173 1653 5253 Φανιρθν
1668 5172 1690 5232 δ’
1705 5173 1735 5232 ἔτι
1753 5195 1780 5228 τε
