4017 5984
543 476 833 540 TYRRHENORUM
853 480 1063 543 lNS'l'lTU'l'A.
1084 484 1179 545 JURA
1202 485 1359 549 URBIUM.
1692 496 1752 557 299

147 630 199 667 στο
209 609 287 679 τέλη
297 632 309 675 ς
319 610 333 666 θ
342 605 482 687 φιλόσοφος
492 606 579 666 αἰτίαν
591 608 766 687 ίστόρηκεςτθ
780 607 831 689 γάρ
842 612 924 669 πολυ-
979 612 1051 692 ρέους
1064 614 1110 674 καὶ
1125 615 1173 686 τὴν
1188 621 1306 694 μεγάλην
1321 618 1462 682 θάλατταν.
1479 620 1709 700 Ἀριστοτέλης
1723 624 1751 685 δὲ

148 698 275 777 θρύλητον
300 698 382 753 έκεῖνο
406 695 452 753 καὶ
479 695 615 775 πολλαχοῦ
634 696 753 773 γενέσθαι
775 697 923 775 λεγόμενον,
978 705 992 759 δ
1017 700 1155 783 ριλάσορος
1176 704 1206 763 τθ
1223 705 1272 781 μέν
1294 705 1393 765 άλῶναι
1410 708 1458 780 τὴν
1477 710 1553 768 πάλιν
1571 711 1623 769 ὑπὸ
1642 716 1750 775 Κελτῶν

148 790 182 853 ὡς
199 785 293 856 ἔοικεν,
308 784 441 863 ίτολμήθη
456 784 570 851 καὶτοῖς
585 785 696 863 Τρῳάσι
709 785 770 865 πιρλ
787 786 835 857 τὴν
851 785 923 847 Ἰτα-
979 788 1094 869 άκριθῶς
1109 788 1186 861 δῆλός
1200 793 1270 850 ἐστιν
1286 794 1416 868 άκηκοώς,
1433 796 1478 854 τὸν
1492 796 1520 855 δὲ
1541 796 1663 857 σώσαντα
1680 801 1752 862 Αεύ-

148 874 219 934 λίαν.
234 877 297 934 Τῶν
310 871 362 954 γάρ
378 872 482 953 ἀνδρῶν
494 874 529 939 ώς
541 871 740 949 προσέπλευσαν
758 872 924 948 άποὸάντιον,
978 900 1033 935 κιον
1047 866 1113 935 εἶναι
1126 878 1205 959 φησίν
1215 903 1221 914 ·
1231 872 1263 952 ἥν
1277 881 1304 940 δέ
1318 881 1436 963 Μάρκος,
1452 886 1481 943 οὗ
1493 884 1611 959 Λεύκιος,
1623 889 1638 945 δ
1649 887 1753 963 Κάμιλ·

147 958 294 1040 ἐνέπρησαν
306 962 340 1019 τά
354 962 446 1031 πλοῖα,
454 960 558 1026 πάντως
568 962 756 1038 άπαλλαγῆναι
766 966 814 1034 τῆς
822 962 924 1035 πλάνης
977 965 1030 1030 λος.

148 1050 269 1127 διόμεναι
283 1048 329 1108 καί
348 1052 394 1119 τῆς
414 1048 558 1120 θαλάττης,
574 1046 728 1127 φοθηθεῖσαι
745 1047 772 1107 δέ
793 1049 852 1117 τυθς
877 1051 922 1109 eiv-
1460 1105 1466 1122 ,

148 1140 211 1219 δρας
223 1138 372 1209 ἠσπάζοντο
392 1139 444 1194 τῶν
466 1138 596 1215 συγγενῶν
616 1136 661 1195 καί
675 1136 776 1195 οἰκείων
794 1137 861 1214 μετὰ
875 1143 921 1197 τοῦ
1202 1098 1248 1157 Ν·
1270 1101 1521 1162 mmmm·

148 1227 300 1305 καταφιλεῖν
313 1223 359 1283 καλ
371 1224 575 1304 περιπλέκεσθαι
590 1221 650 1289 τοὺς
664 1226 920 1303 προστυγνγάνοντας·
1017 1208 1153 1279 Quaenam
1178 1210 1217 1269 Sil
1248 1212 1383 1271 vocabuli
1407 1213 1540 1291 δικαίωμα
1565 1214 1751 1291 significatio,

148 1310 324 1387 πννννμένννν
335 1309 363 1371 δὲ
375 1316 421 1381 νῆν
429 1313 508 1391 affl
526 1310 572 1369 ναὶ
588 1309 791 1389 &mmmm
807 1315 922 1393 ςννῶννν
977 1297 1072 1373 ipsius
1082 1294 1246 1356 Aristotelis
1259 1298 1359 1359 verbis
1373 1301 1497 1361 delinire
1508 1304 1587 1375 licet,
1598 1304 1630 1361 in
1643 1301 1754 1362 Ethicis

148 1399 192 1459 ννὶ
204 1406 252 1459 we,
263 1404 354 1459 λνννννη
365 1396 448 1478 ννύννν
463 1399 683 1481 νῇννλνννννννῃ
699 1398 763 1477 πρὸς
776 1397 880 1467 νςννςς,
977 1386 1013 1443 ad
1024 1386 1135 1446 Nicom.
1144 1387 1180 1459 V,
1198 1410 1226 1461 7,
1240 1408 1256 1461 η
1272 1391 1313 1447 ita
1327 1390 1452 1449 (licentis
1467 1393 1628 1471 ιΔικαίωμα
1643 1391 1672 1451 τὸ
1687 1395 1754 1451 λιτα-

189 1492 271 1546 Hanc
280 1486 479 1546 exsristotete
488 1487 668 1563 desumptam
679 1488 877 1546 narrationem
886 1508 922 1547 ex
977 1474 1101 1553 *ὄρθωμα
1114 1482 1160 1535 τοῦ
1175 1477 1346 1554 ἀδικήματος,
1362 1479 1399 1541 cs.
1417 1494 1556 1557 praeterea
1572 1482 1609 1540 (le
1628 1481 1707 1539 02¹⁰
1726 1482 1752 1553 l,

148 1574 429 1653 Heraclide,Lembo
438 1576 654 1649 cognominato,
662 1573 881 1634 allectFestuss.
892 1594 922 1637 v.
981 1584 1027 1635 1ον
1045 1564 1163 1624 libem·
1176 1565 1200 1637 Ι,
1214 1568 1260 1638 13,
1273 1566 1409 1645 Thucyd·
1421 1568 1445 1639 l·
1458 1578 1491 1637 41
1505 1584 1534 1628 θῑ
1547 1570 1630 1631 alibi·
1643 1569 1755 1630 Λῑκαῑῶ·

147 1664 239 1723 Roma
255 1662 297 1742 (p.
323 1664 381 1737 269
395 1660 511 1740 liliiller)
528 1682 535 1718 ς
551 1664 668 1719 Lembos
691 1669 740 1737 qm·
758 1666 925 1739 appellatur
979 1676 1052 1728 ματα
1072 1653 1162 1728 igitur
1185 1654 1368 1733 Aristotelis,
1390 1677 1515 1735 quorum
1529 1679 1621 1716 unum
1642 1670 1752 1716 tantum

147 1754 308 1807 Heraclides
321 1756 474 1825 existimat,
485 1751 680 1805 revertentibus
688 1753 725 1807 ab
735 1753 790 1807 llio
797 1751 919 1819 Achivis,
978 1738 1087 1799 librum
1101 1755 1261 1816 agnoscunt
1275 1742 1389 1801 codices
1403 1745 1543 1821 Diogenis
1552 1746 1658 1803 laertii
1672 1747 1752 1821 (ιαμ,
1801 1781 1807 1791 ‹

147 1842 281 1913 quosdam
299 1849 463 1912 tempestate
476 1838 599 1909 dejectos
618 1843 648 1893 in
664 1841 761 1893 Italiae
783 1844 919 1911 regiones,
978 1828 1074 1887 Anon.
1091 1826 1155 1905 ιιι)
1169 1848 1187 1885 a
1216 1828 1305 1887 Rosio
1326 1832 1435 1905 collati,
1459 1834 1557 1891 omnia
1578 1832 1754 1911 complecte-

145 1939 251 1983 secutos
273 1928 378 1981 Tiberis
394 1928 547 1993 decursttm,
564 1930 723 2000 peruenisse
741 1928 870 1983 ubinunc
887 1934 923 1983 sit
978 1913 1086 1974 bantur
1096 1936 1274 1995 (lllaecussslue
1283 1917 1320 1975 (λθ
1336 1918 1450 1990 lilibus,
1468 1919 1504 1978 (λθ
1518 1921 1628 1979 finibus
1648 1940 1754 1996 regen·

147 2018 244 2079 noma,
261 2014 351 2087 ibique
357 2025 474 2087 propter
488 2016 602 2069 toedium
613 2019 801 2091 navigationis
816 2018 921 2089 impul·
978 2002 1025 2061 dis
1049 2003 1172 2081 aliisque
1194 2008 1390 2065 controversis
1412 2010 1512 2086 rebus,
1534 2008 1611 2066 inter
1626 2007 1755 2084 singulas

145 2121 194 2155 sas
211 2104 336 2175 captivas
358 2106 526 2156 auctoritate
553 2106 676 2177 virginis
689 2104 835 2173 cujusdam
854 2115 923 2158 tem·
978 2090 1110 2150 civilales
1130 2092 1247 2151 Glffcas
1269 2094 1398 2170 agitatis,
1423 2114 1581 2172 earumque
1606 2096 1754 2173 composi·

143 2194 262 2263 pesttvoe
278 2188 523 2245 nemineiiimmes
536 2191 692 2245 incendisse
704 2191 822 2245 classem
840 2201 925 2261 utque
979 2181 1057 2237 tione
1083 2179 1259 2259 philosopho
1282 2182 1483 2243 innotuerant.
1498 2183 1557 2241 Nec
1572 2202 1589 2240 a
1606 2203 1680 2241 vero
1695 2184 1754 2241 for-

146 2278 184 2333 ab
199 2296 235 2333 ea
248 2282 413 2332 necessitate
427 2278 466 2331 ibi
477 2280 611 2332 inessendi
622 2278 717 2333 urbem
729 2279 873 2332 conditam
886 2278 925 2331 ab
980 2278 1054 2325 lasse
1068 2268 1171 2345 procul
1196 2268 1410 2345 aberrabimus,
1423 2270 1447 2328 si
1469 2291 1529 2329 non
1544 2283 1602 2328 tam
1621 2271 1657 2328 de
1673 2269 1755 2347 justo

146 2368 185 2419 eis
203 2376 233 2418 et
239 2368 411 2436 potissimum
422 2367 484 2433 ejus
502 2367 613 2417 nomine
627 2381 692 2417 eam
704 2365 890 2437 appellatam,
904 2383 924 2417 a
979 2353 1154 2431 quodumac
1176 2357 1305 2435 perlecto
1331 2358 1601 2435 librocogitamuS,
1618 2359 1756 2436 quamde
1810 2378 1813 2381 ’

145 2453 347 2522 cujusconsilio
364 2470 414 2505 eas
428 2452 572 2506 sedessibi
582 2452 786 2525 firmavissent.
798 2448 841 2509 Cf.
855 2448 924 2507 Ser·
979 2443 1168 2515 collectione,
1194 2445 1294 2521 quales
1315 2460 1344 2504 et
1366 2447 1595 2506 Didascaliarum
1610 2460 1637 2506 et
1656 2448 1756 2525 Olym-

145 2535 925 2613 eiusadAEneid.l‚273etSolin.c.1.E0demmodo
979 2532 1163 2609 pionicarum
1177 2547 1206 2591 et
1216 2534 1456 2611 Pythionicarum
1474 2536 1567 2594 libros
1592 2538 1680 2594 fuisse
1693 2537 1755 2594 exi·
1803 2615 1806 2620 Δ

146 2644 193 2683 res
208 2624 285 2702 apud
303 2624 474 2699 Polyaenum
490 2622 571 2699 lllll,
587 2624 624 2681 25
642 2638 789 2683 narratur.
813 2624 924 2682 Similis
979 2622 1078 2696 sumo,
1093 2640 1111 2678 a
1130 2621 1306 2700 philosopho
1321 2624 1462 2684 instituta.
1475 2624 1593 2683 Talium
1606 2644 1676 2683 vero
1694 2625 1755 2683 col-

145 2712 232 2789 plane
247 2710 360 2779 fabulae,
381 2710 498 2768 mutatis
514 2723 624 2768 tantum
648 2711 722 2769 locis
744 2725 774 2769 et
796 2710 924 2769 nomini·
978 2707 1136 2766 lectionum
1161 2723 1348 2767 monumenta
1370 2711 1488 2788 publica
1507 2713 1538 2770 in
1552 2712 1677 2787 singulis
1706 2733 1755 2769 ur-

147 2796 215 2869 bus,
242 2809 274 2854 nt
292 2796 354 2873 jam
370 2795 540 2855 aStrabone
558 2796 606 2866 Vl,
620 2817 649 2874 p.
666 2800 723 2864 οθίς
740 2798 925 2857 observatum
979 2794 1068 2853 bibus
1079 2797 1222 2854 exstantia
1234 2798 1300 2855 lons
1311 2811 1339 2854 et
1357 2802 1441 2873 origo
1454 2800 1587 2874 luerunt,
1603 2800 1754 2859 nonnullis

147 2897 200 2955 est,
224 2886 359 2961 frequens
385 2884 503 2944 mentio.
519 2883 565 2944 Cl.
590 2884 850 2944 Pseudo-Ariston
865 2884 923 2943 llll-
979 2882 1171 2961 additisque.
1195 2884 1231 2942 ad
1255 2904 1356 2943 eorum
1377 2887 1600 2964 explicationem
1624 2907 1754 2945 necessa-

147 2972 214 3031 rab.
230 2974 318 3033 Auso.
340 2993 365 3032 c.
385 2991 452 3047 109,
475 2984 504 3029 et
519 2991 583 3049 quae
597 2976 742 3048 congessit
756 2974 924 3032 testimonia
980 2970 1126 3030 riaetant.

147 3058 321 3136 Schwegler.
347 3060 496 3120 iltitnischc
512 3062 685 3131 Gemite-itte,
711 3074 732 3121 t.
759 3061 784 3132 l,
804 3082 835 3139 p.
853 3068 923 3132 404,
1018 3057 1089 3128 Quae
1107 3059 1132 3117 si
1151 3072 1230 3117 recte
1254 3061 1372 3119 anobis
1393 3061 1471 3119 dicta
1486 3075 1570 3137 sunt,
1585 3082 1644 3120 non
1659 3065 1755 3123 otunis

146 3168 176 3209 n.
191 3170 240 3225 ²9·
909 3182 911 3185 -
981 3147 1101 3205 fortasse
1118 3146 1189 3205 lides
1203 3148 1372 3222 deneganda
1387 3164 1431 3208 est
1454 3152 1567 3208 auctori
1581 3151 1654 3209 Vitae
1672 3151 1755 3209 Μοι-
1815 3186 1821 3195 -

519 3290 536 3345 6
559 3288 576 3344 8
979 3234 1081 3308 cianae,
1093 3234 1284 3310 Δικαιωμάτων
1298 3248 1497 3312 argumentum
1513 3238 1555 3294 ita
1566 3236 1754 3309 describenti,

445 3297 483 3389 ,ί
507 3290 517 3365 l
540 3308 557 3346 ⁰
578 3291 599 3365 l
979 3344 1010 3402 p.
1033 3344 1050 3381 a
1071 3322 1200 3381 Robbe:
1227 3322 1280 3382 Καὶ
1302 3321 1335 3381 τά
1353 3323 1525 3403 γεγραμμένα
1542 3325 1613 3403 αὐτῷ
1638 3324 1755 3384 Δικαιώ-

184 3418 333 3478 Plutarch.
349 3419 388 3479 V,
401 3419 517 3478 Camilli
531 3441 558 3480 c.
578 3441 615 3478 aa
633 3442 640 3478 ι
655 3423 708 3481 Τοῦ
723 3419 812 3498 μέντοι
825 3421 923 3490 πάθους
979 3433 1053 3487 ματα
1069 3410 1231 3485 Ἑλληνίδων
1245 3412 1363 3486 πολεων,
1383 3412 1408 3480 il
1422 3404 1458 3471 ὧν
1469 3413 1604 3480 Φίλιππος
1617 3411 1664 3480 τὰς
1673 3416 1754 3497 etlo-

146 3506 225 3566 αὐτοῦ
240 3506 588 3585 καλιῇςὰλώσιωςμιυίε
601 3508 699 3567 Romae
715 3508 923 3590 auaissent.)
978 3502 1076 3567 νεικίαι
1098 3504 1151 3558 τῶν
1173 3499 1312 3572 Ἑλλήνων
1340 3500 1468 3576 seneen,
1492 3504 1527 3568 ὡς
1552 3502 1753 3583 μεγαλορράμον

145 3593 228 3653 ἔοικεν
245 3593 350 3671 ἀμυδρά
372 3616 411 3660 τις
429 3592 501 3661 εθθθς
514 3594 550 3661 εἰς
566 3595 612 3666 τὴν
628 3595 746 3656 Ἑλλάδα
761 3596 836 3677 pipi]
852 3598 924 3658 διελ-
979 3586 1100 3666 [ήσαντά
1116 3589 1192 3667 ulan
1207 3590 1266 3663 (ita
1280 3589 1396 3663 Rosius,
1421 3590 1525 3648 melius
1542 3610 1629 3667 qnam
1654 3590 1756 3649 llobbc

147 3685 211 3737 θεῖν.
226 3678 400 3757 Ἡρακλείδης
416 3678 495 3760 γθρθ
518 3682 646 3750 Ποντικὸς
665 3686 694 3742 οὗ
706 3682 773 3742 πολθ
788 3688 840 3744 τῶν
855 3685 925 3765 ppi-
979 3678 1219 3756 μιγαλορρημονιῖν
1234 3677 1318 3757 ποτε)
1330 3677 1477 3736 καλείπιῒν·
1492 3704 1504 3731 ο
1521 3675 1624 3756 Ὦρισα
1635 3684 1683 3757 γῆν
1699 3679 1754 3739 Πέ·

145 3789 196 3825 νων
220 3766 324 3825 tntum
340 3766 545 3844 ἀπολειπόμενος
560 3772 586 3827 ἔν
604 3773 642 3848 τῷ
666 3771 727 3848 περὶ
742 3773 844 3850 Ψυχῆς
861 3797 925 3850 συγ.
978 3768 1091 3833 λοπος.»
1108 3765 1153 3824 Ci.
1166 3764 1243 3823 Veis.
1259 3765 1308 3825 lat.
1323 3777 1382 3824 vet.
1402 3787 1409 3822 :
1424 3770 1461 3822 Et
1474 3774 1595 3842 scriptas
1603 3769 1641 3823 ab
1654 3788 1687 3824 eo
1705 3773 1755 3825 lu·

144 3854 283 3934 γράμματί
294 3876 372 3935 φησιν
387 3855 439 3913 ἀπὸ
452 3858 500 3927 τῆς
513 3855 625 3935 ἑσπέρας
640 3856 716 3932 λόγον
728 3858 872 3936 κατασχεῖν
884 3862 919 3923 ὡς
978 3856 1161 3929 stificatiottes
1174 3858 1332 3911 Groecorum
1343 3860 1494 3923 ciuitatum,
1507 3875 1568 3910 eum
1579 3857 1677 3931 quibus
1688 3858 1757 3915 Piti-

146 3940 256 4021 στρατθς
270 3941 297 4010 ἐξ
320 3940 504 4022 Ὑπιρθορέιυν
524 3941 606 4003 titus
632 3941 723 4011 ίξωθιν
736 3944 830 4025 ᾑρήκοι
848 3944 924 4003 πόλιν
981 3948 1073 4019 lippus
1096 3947 1158 3999 lites
1183 3946 1341 3999 Groecorum
1361 3943 1575 4000 determinabat.
1601 3943 1634 4001 ln
1648 3943 1756 4021 quibus

147 4029 292 4102 Ἑλληνίδα
307 4030 417 4108 Ῥώμην
439 4036 492 4091 ixei
513 4052 565 4091 που
588 4031 779 4112 κατῳκημένην
800 4032 861 4111 περὶ
875 4031 924 4102 τλν
979 4032 1141 4108 praesertim
1157 4042 1186 4087 et
1210 4030 1284 4087 illud
1310 4030 1600 4088 animadvertendum
1620 4044 1664 4089 est
1677 4030 1755 4089 hune

147 4116 266 4195 μεγάλην
282 4118 428 4178 θάλασσαν.
443 4120 502 4179 Οθκ
520 4117 552 4177 ἂν
576 4110 620 4178 οὖν
631 4120 799 4195 θαυμάσαιμι
818 4118 925 4195 μυθώδη
980 4118 1090 4178 librum
1110 4131 1176 4176 ante
1195 4119 1318 4177 Politias
1340 4121 1534 4199 conscriptum
1557 4122 1647 4179 fuisse
1666 4121 1753 4191 tradi,

146 4205 192 4266 καλ
208 4206 381 4281 πλασματίαν
403 4205 466 4265 ὄντα
488 4205 532 4266 τθν
546 4206 725 4288 Ἡρακλείδην
742 4209 835 4278 ἀληθεῖ
855 4208 926 4287 λέγιρ
981 4228 1071 4286 quum
1087 4209 1183 4265 statim
1199 4207 1344 4265 addatur:
1368 4207 1520 4287 Γέγραπται
1534 4207 1562 4266 δέ
1586 4210 1657 4287 αὐτῷ
1671 4207 1716 4265 καλ
1736 4212 1754 4278 ἡ

145 4297 183 4373 τῷ
196 4294 257 4373 πιρλ
281 4298 328 4365 τῆς
350 4292 474 4362 ἁλώσεως
491 4295 679 4371 ἐπικομπάσαι
705 4294 765 4362 τοὺς
790 4294 926 4373 Ὑπιρθο-
979 4300 1031 4354 τῶν
1050 4296 1194 4355 Πολιτιιών
1214 4294 1315 4374 ἱστορία
1334 4293 1452 4375 λέστερον.

149 4460 217 4509 vium
230 4462 360 4525 appulsum
374 4460 421 4511 viri
438 4464 520 4511 esseut
530 4461 642 4525 digressi,
652 4462 770 4512 mulieres
783 4463 864 4527 ignem
877 4472 924 4512 tta-
979 4462 1169 4522 mimuserinit,
1181 4475 1305 4512 rumorem
1318 4462 1483 4512 exoccitlente
1493 4462 1604 4523 allatum,
1613 4462 1759 4524 quodexer·

148 4546 221 4597 vilius
232 4548 375 4613 injecerunt,
387 4536 418 4599 'ut
428 4549 553 4599 erroribus
569 4549 643 4599 tinem
652 4549 802 4614 imponerent
813 4564 843 4600 ae
852 4550 924 4601 navi-
980 4549 1044 4599 citus
1062 4550 1094 4599 ab
1103 4549 1268 4613 Hyperboreis
1280 4549 1407 4600 advenerit
1423 4550 1559 4613 urbemque
1570 4554 1692 4610 (tracum,
1702 4552 1753 4599 lto-

148 4634 239 4697 gatieni
255 4656 260 4684 :
279 4636 366 4687 deiude
386 4636 433 4686 sibi
454 4640 593 4687 metuentes
615 4652 630 4688 ιι
652 4638 755 4700 maritis,
771 4642 887 4703 cognatm
900 4642 926 4688 et
979 4652 1046 4687 mam
1061 4637 1166 4698 nomine,
1179 4638 1260 4701 posito
1273 4638 1309 4687 ibi
1323 4638 1431 4701 quodem
1440 4638 1494 4687 lom
1504 4639 1537 4688 ad
1546 4652 1661 4703 magnum
1676 4650 1753 4698 mare,

150 4720 291 4783 familiares,
304 4724 445 4787 utquisque
457 4738 483 4775 se
492 4725 623 4787 obtulerat,
637 4740 694 4776 cum
707 4726 793 4777 suario
805 4730 863 4776 suut
874 4740 925 4777 am·
979 4726 1078 4788 ceperit.
1091 4726 1209 4775 ceterum
1216 4724 1473 4775 Heraclidemlabulas
1483 4730 1508 4775 et
1520 4726 1635 4789 figmenta
1645 4723 1754 4774 scribere

150 4809 243 4872 plexe3
265 4810 350 4873 iraque
363 4812 467 4875 placata,
490 4816 519 4863 ul
535 4813 560 4863 in
579 4814 657 4877 gralia
674 4814 720 4881 luit
738 4814 858 4876 reditum,
876 4816 924 4865 hoc
978 4811 1069 4876 alioqui
1083 4813 1192 4875 solitum,
1205 4813 1350 4873 ammiror,
1367 4828 1425 4863 vero
1439 4814 1553 4877 decepta
1565 4812 1625 4862 urbe
1637 4810 1752 4873 sermoni,

149 4896 236 4947 deinde
250 4896 286 4946 eis
299 4896 439 4949 blandiendi
447 4913 524 4963 genus
533 4900 695 4950 retmuerunt.
978 4900 1015 4950 rei
1021 4901 1196 4965 exaggerandas
1205 4916 1289 4961 causa,
1298 4901 1468 4966 Hyperboreos
1475 4905 1500 4951 et
1508 4914 1624 4963 magnum
1633 4912 1701 4949 mare
1711 4898 1754 4949 ad·

524 5018 547 5065 4·
976 4988 1073 5052 jecisse.
1086 4993 1118 5039 At
1131 4990 1276 5040 Aristeteles
1296 4990 1455 5054 philosophus
1470 4988 1530 5037 satis
1549 4990 1667 5037 testatum
1685 4986 1752 5047 iecit,

978 5077 1067 5127 auditu
1079 5091 1107 5127 se
1121 5078 1152 5127 de
1164 5080 1241 5129 Roma
1253 5092 1268 5127 a
1282 5078 1358 5128 Gallis
1375 5081 1447 5140 cepta
1459 5075 1603 5139 percepisse,
1618 5088 1722 5139 eamque
1738 5088 1755 5123 a

978 5164 1056 5214 Lucio
1064 5168 1234 5229 recuperatam
1243 5164 1329 5214 scribit
1340 5186 1347 5214 ι
1359 5164 1494 5213 [nitentem
1508 5166 1606 5214 servata
1618 5177 1666 5212 non
1678 5178 1694 5213 a
1707 5166 1754 5213 Lu·

977 5252 1024 5313 cio,
1034 5253 1104 5303 seda
1117 5256 1202 5303 Marco
1215 5252 1326 5302 Camillo.
1692 5241 1693 5244 ’

179 5101 284 5154 Videtur
295 5118 353 5155 sane
364 5107 513 5157 calurultatis
523 5109 595 5159 istius
610 5112 725 5161 Romame
739 5110 844 5161 obscura
858 5125 925 5175 que·

148 5190 206 5241 (lam
221 5192 304 5241 statim
314 5192 339 5242 in
350 5194 471 5245 Greciam
481 5197 621 5260 pervenisse
627 5198 701 5249 larua.
708 5192 849 5250 Heraclides
858 5200 923 5251 enim

149 5278 274 5340 Ponticus,
288 5280 331 5344 qni
343 5296 391 5333 nen
405 5282 447 5333 diu
459 5284 564 5348 postilla
576 5289 686 5351 tempora
699 5288 769 5350 vixit,
786 5288 811 5338 in
820 5288 883 5338 libro
892 5288 924 5338 tle
