4017 5984
254 433 291 492 to
803 418 1049 481 ARISTOTELIS
1069 405 1318 479 insontium.

251 565 337 623 siens·
364 561 409 621 Cl.
433 556 572 637 Spengel,
590 559 637 612 die
660 552 943 611 Hererilanensiselsen
957 554 1025 608 liot-

253 657 308 721 ien,
324 651 484 721 Philologus·
497 648 642 722 Sreprplem.
656 656 678 702 t.
692 641 734 713 lt,
749 662 778 720 p.
794 640 860 699 513.

577 799 603 834 ο.
619 771 693 852 (6ο.)

292 879 441 972 elusani.
461 909 595 988 Pelopis.
614 931 638 968 e.
655 909 672 967 s
687 929 694 964 ι
709 908 770 968 τω
785 907 836 986 ,ορ
854 906 973 976 πονοι,
990 907 1026 970 e<

253 999 484 1078 Ἀριστοτέλης
499 993 590 1079 pneris,
601 999 626 1056 ol
639 994 687 1072 ριΙν
698 993 727 1052 οὗ
742 995 859 1073 χρῶνται
870 996 908 1072 τῷ
921 992 1026 1071 πλούτῳ

254 1093 296 1152 διὰ
321 1086 504 1168 μικρολογίαν,
527 1087 550 1142 ol
575 1084 602 1142 bi
626 1083 817 1162 παραχρῶνται
842 1079 1026 1154 bilisarius,

254 1181 298 1238 καὶ
314 1175 476 1241 δουλεύοντες
493 1165 563 1232 sisu
585 1171 632 1249 μὲν
654 1171 696 1230 ἀεὶ
715 1179 774 1238 ταῖς
794 1171 915 1246 ἡδοναῖς,
936 1173 1028 1230 ἐκεῖνοι

253 1268 279 1326 δὲ
295 1275 350 1330 ταῖς
364 1261 500 1342 ἀσχολίαις
514 1259 685 1320 διατελοῦσιν.

294 1354 336 1412 td
351 1351 473 1410 eundem
488 1350 566 1408 hunc
578 1349 675 1406 locum
688 1346 970 1424 respicitPlutarch.
992 1345 1029 1402 de

253 1440 419 1520 eupiditate
431 1438 560 1496 divitias.
577 1458 604 1495 c.
621 1441 660 1494 8:
675 1433 712 1494 Σύ
728 1435 749 1494 δ’
763 1437 811 1493 ούκ
824 1433 935 1504 ἀκούεις,
950 1432 1030 1512 φήσο-

255 1555 318 1606 μεν,
334 1523 583 1607 Ἀριστοτέλους
597 1523 728 1604 λέγοντος,
742 1523 782 1581 ὅτι
800 1525 824 1582 oi
837 1521 884 1599 pis
898 1527 927 1580 οὐ
939 1523 1028 1600 χρῶν-

254 1641 315 1688 ται,
339 1619 363 1674 oi
383 1613 409 1672 δὲ
431 1615 642 1691 παραχρῶνται;
666 1611 786 1689 καθάπερ
800 1609 934 1688 οὐδετύρου
948 1631 1031 1690 προσ-

254 1707 370 1775 ήκοντος·
400 1702 460 1760 ἀλλ’
481 1698 592 1765 ἐκείνους
622 1697 670 1775 μὲν
696 1700 742 1758 ούκ
770 1699 866 1779 ὠριλιῖ
888 1695 918 1755 sb
936 1699 1029 1756 οἰκεῖον

255 1793 312 1850 οὐδὲ
323 1791 428 1868 κοσμεῖ,
444 1785 547 1852 τούτους
567 1785 594 1845 δὲ
605 1786 652 1844 καὶ
669 1785 781 1864 βλάπτει
793 1785 838 1844 καὶ
849 1784 1029 1865 καταισχύνει.

254 1879 297 1936 (ts.
314 1877 376 1935 lith.
393 1875 507 1934 Nicom.
524 1873 615 1946 1V,c.
634 1894 660 1936 1.

567 2005 605 2064 ,3.
626 1993 702 2082 (63.)

298 2138 401 2196 Cicero
413 2136 449 2194 de
463 2135 589 2202 Officiis,
607 2131 653 2208 ΙΙ,
675 2135 709 2189 16
725 2153 732 2188 t
751 2136 853 2207 ltaque
868 2141 952 2190 miror
963 2141 1032 2210 quid

257 2234 285 2282 in
297 2237 416 2282 mentem
430 2229 540 2279 venerit
553 2221 764 2295 Theophrasto,
777 2227 806 2276 iu
820 2241 853 2277 eo
868 2225 936 2278 libro
950 2245 1029 2300 quem

255 2316 290 2370 de
306 2315 415 2369 Divitiis
432 2317 551 2384 scripsit.
573 2313 609 2364 ln
627 2327 681 2382 quo
695 2310 784 2363 nrulta
795 2311 940 2383 persedere,
959 2315 1033 2368 illud

254 2403 384 2458 absurde.
404 2401 457 2456 Est
467 2404 541 2454 enim
562 2399 663 2452 multus
680 2402 710 2452 in
735 2397 880 2452 hudanda
899 2403 1030 2474 magnifi-

255 2496 346 2546 centia
360 2501 388 2544 et
402 2493 589 2564 apparatione
606 2487 789 2560 popularium
806 2505 959 2557 munerum,
983 2501 1031 2544 ta-

256 2581 377 2652 liumque
398 2589 553 2652 sumptuum
571 2571 744 2645 facultatem
760 2572 887 2645 fructum
914 2579 1031 2633 diuitia-

255 2684 316 2719 rum
333 2676 426 2738 putat.
443 2663 521 2719 Mihi
539 2675 632 2717 autem
646 2664 695 2716 ille
705 2659 819 2732 finctus
834 2665 1029 2736 liberalitatis,

255 2759 332 2822 cujus
343 2769 444 2825 parua*
455 2751 589 2824 ecerrrplu
596 2754 689 2822 posui,
712 2751 798 2806 inulto
810 2763 840 2805 et
849 2758 942 2824 major
951 2755 1033 2808 vide·

256 2852 301 2895 tur
315 2850 349 2894 'et
364 2843 474 2896 certior.
497 2839 610 2909 Quanto
634 2841 852 2894 Aristoteles
870 2845 983 2912 grauius
1006 2854 1034 2896 et

256 2933 350 2983 uerius
360 2947 410 2983 nor
420 2927 613 3002 reprehendit,
631 2932 680 3000 qui
692 2927 747 2982 lias
755 2933 937 3001 pecuniarum
952 2927 1032 3001 effu-

254 3022 346 3072 siones
361 3036 415 3071 non
427 3018 607 3084 admiremur,
622 3017 821 3089 qucefiuntad
832 3018 1033 3075 multitudinem

256 3105 459 3159 deliniendam.
485 3107 563 3156 Atii
591 3108 639 3176 qui
663 3103 700 3156 ab
717 3103 796 3158 hoste
821 3106 991 3176 obsidentur,
1008 3115 1034 3164 si

256 3210 346 3246 emere
354 3209 437 3264 aquoe
444 3196 597 3244 sestarium
608 3194 684 3244 mina
694 3203 864 3261 cogerentur,
878 3192 930 3250 boc
940 3202 1034 3268 primo

257 3280 357 3334 auditu
371 3279 533 3333 incredibile
548 3279 628 3333 nobis
638 3279 735 3332 videri
753 3299 900 3355 omnesque
921 3289 1028 3353 mirari,

256 3368 308 3424 scd
318 3385 401 3442 quum
413 3367 591 3436 attenderint,
605 3371 720 3421 veniam
731 3374 887 3425 necessitati
897 3372 968 3428 dare
983 3381 1034 3429 :in

257 3456 299 3510 tus
310 3455 601 3526 immanibusjacturis
614 3456 784 3528 infinitisque
796 3460 947 3532 sumptibus
960 3462 1037 3516 nilril

258 3562 307 3597 nos
322 3561 426 3614 ηιαρςηο
443 3560 525 3618 opere
539 3547 648 3611 mirari,
670 3562 754 3617 quum
767 3551 926 3618 prasertim
944 3567 1034 3622 neque

258 3637 415 3688 necessitati
422 3632 597 3688 subveniatur
604 3651 655 3687 nec
662 3634 790 3705 dignitas
798 3649 945 3710 augeatur,
957 3643 1033 3712 ipsa·

259 3739 312 3794 que
334 3721 386 3774 illa
406 3721 553 3775 delectatio
567 3723 752 3776 multitudinis
768 3728 805 3778 sit
818 3726 859 3778 ad
874 3727 954 3781 breve
973 3733 1033 3782 eei·

258 3825 395 3882 gaumque
416 3819 521 3881 tempus
545 3827 633 3882 eaque
652 3829 671 3863 o
692 3811 828 3866 leuissimo
854 3833 969 3888 quoque.
996 3819 1034 3870 Ia

260 3915 313 3968 quo
330 3907 424 3950 tamen
443 3901 503 3970 ipso
521 3916 577 3952 una
593 3917 654 3953 cum
668 3904 797 3955 satietate
811 3907 945 3970 memoria
965 3923 1034 3977 quo·

260 4002 312 4057 que
330 3988 463 4039 moriatur
474 3987 637 4061 uoluptatis.
654 3989 731 4041 Bene
743 3993 827 4043 etiarn
849 3991 957 4064 colligit
972 3993 1036 4046 laec

257 4077 354 4144 pueris
369 4084 398 4127 et
418 4073 586 4128 mulierculis·
600 4087 627 4128 et
641 4080 726 4130 seruis
738 4088 765 4131 et
783 4095 922 4132 servorum
943 4081 1036 4134 simil

261 4163 335 4214 {ioris
352 4161 445 4216 liberis
459 4179 518 4217 esse
537 4173 639 4233 grata,
655 4170 735 4237 graui
753 4183 821 4221 uem
841 4165 948 4222 bomini
961 4179 989 4222 et
1000 4187 1035 4222 ea

260 4267 324 4322 qua
330 4251 409 4322 fiunt
424 4251 536 4320 judicio
550 4262 624 4306 certo
641 4254 812 4325 ponderanti
828 4255 944 4326 probari
954 4277 1036 4330 posse

261 4339 338 4392 nullo
300 4338 448 4394 l.modo
471 4335 546 4394 liele
577 4335 625 4395 hic
645 4339 722 4416 apud
739 4340 898 4400 nonnullos
925 4342 1033 4402 editum

262 4437 305 4481 est
318 4429 410 4480 Aristo
420 4426 502 4480 Ceus

1276 581 1327 640 Xl.
1346 571 1660 640 ΠΡΟἸΡΙΙΙΙΤΙΚΟΣ.

1121 731 1314 812 Προτρεπτικὸς
1332 731 1373 804 α’,
1385 751 1472 809 quem
1486 746 1638 791 recensent
1649 733 1736 810 Diog.
1751 733 1783 790 h
1795 733 1855 813 (ιο)

1079 835 1108 880 et
1134 822 1371 898 Anonym.(1t,l,
1400 820 1550 890 diversus,
1577 833 1608 879 ut
1636 834 1724 900 puto,
1745 821 1782 879 ab
1806 822 1857 880 illo

1081 910 1191 986 scripto
1205 909 1284 986 quod
1300 911 1386 966 habet
1405 905 1631 967 llsehernalndd.
1656 909 1694 986 (ι)
1718 931 1725 966 :
1747 911 1859 966 Exhor-

1081 1004 1149 1054 tatio
1163 1000 1205 1053 ad
1223 998 1452 1073 pbilamplsiam,
1469 999 1535 1054 libri
1549 995 1609 1068 ΙΙΙ,
1625 998 1690 1055 sive
1705 1009 1738 1054 ut
1757 997 1857 1055 titulus

1082 1085 1160 1164 apud
1174 1084 1320 1143 Casirium
1337 1097 1450 1143 exstat:
1468 1087 1650 1142 Munirnenta
1657 1075 1856 1161 philosophia,

1085 1177 1151 1230 libri
1173 1177 1240 1253 tlt,
1269 1172 1305 1230 ad
1323 1171 1471 1247 dialogum
1495 1171 1532 1230 de
1552 1172 1742 1251 Philosophia
1764 1174 1860 1249 potius

1085 1261 1285 1336 referendum,
1304 1281 1362 1318 non
1383 1260 1531 1335 dialogico
1546 1261 1639 1320 forma
1659 1262 1858 1339 conscriptum

1085 1350 1185 1421 inisse,
1198 1349 1266 1408 inde
1280 1349 1401 1408 sortasse
1413 1348 1557 1426 suspicari
1570 1349 1649 1419 licet,
1665 1349 1745 1427 quod
1756 1348 1858 1424 regulo

1083 1436 1195 1514 Cyprio
1217 1435 1388 1496 Themisoni
1416 1437 1589 1514 inscriptum
1618 1450 1695 1508 erat,
1719 1436 1751 1494 in
1775 1435 1859 1512 cujus

1085 1523 1309 1582 familiaritatem
1317 1524 1433 1583 venisse
1448 1523 1634 1586 Aristotelem
1644 1523 1683 1582 oh
1697 1523 1859 1582 Eudemum

1084 1611 1226 1689 Cyprium
1241 1632 1300 1670 non
1310 1611 1385 1669 maie
1395 1611 1520 1690 conjecit
1533 1611 1672 1681 Krische,
1686 1610 1709 1671 l.
1727 1611 1748 1670 l.
1766 1630 1798 1688 p.
1816 1612 1862 1668 16.

1086 1700 1128 1758 De
1142 1698 1323 1758 Themisone
1336 1700 1457 1776 regulo,
1477 1719 1538 1757 non
1552 1699 1610 1758 alio
1626 1699 1749 1758 fortasse
1771 1712 1861 1776 atque

1085 1787 1232 1844 navarcho
1255 1787 1410 1862 Antigoni,
1426 1786 1463 1844 de
1477 1807 1535 1864 quo
1547 1786 1654 1865 Polyb.
1667 1786 1708 1858 V,
1727 1808 1784 1863 79,
1802 1808 1857 1858 ιο,
1896 1856 1899 1862 ¹

1086 1873 1142 1946 82,
1171 1894 1223 1951 ιο,
1253 1874 1400 1931 Diodorus
1429 1873 1508 1934 Bibl.
1537 1873 1611 1932 llist
1637 1873 1717 1947 XlX,
1745 1877 1795 1944 62,
1822 1872 1860 1930 ci.

1086 1962 1190 2020 Athen.
1203 1960 1269 2036 Vll,
1281 1982 1309 2039 p.
1322 1962 1390 2036 289,
1404 1959 1431 2018 F.
1447 1959 1484 2032 X,
1499 1982 1528 2039 p.
1548 1961 1617 2033 438,
1632 1963 1668 2037 Ι),
1681 1961 1783 2020 ,Elian
1794 1959 1862 2022 Vae.

1086 2049 1157 2107 llist
1174 2048 1215 2121 ΙΙ,
1242 2057 1291 2119 41,
1306 2062 1335 2105 et
1349 2047 1455 2122 Engel,
1472 2050 1635 2105 Gerebielrte
1657 2069 1715 2105 oron
1736 2051 1854 2123 Kypros,

1086 2136 1185 2194 Berlin
1207 2137 1296 2205 1841,
1309 2149 1328 2193 t.
1344 2135 1369 2206 Ι,
1383 2157 1413 2212 p.
1430 2137 1501 2210 694.

1124 2223 1196 2294 Quae
1208 2243 1226 2280 a
1247 2219 1337 2280 llosio
1351 2223 1497 2300 disputata
1512 2237 1581 2281 sunt
1600 2236 1632 2281 ut
1652 2222 1862 2281 demonstraret

1086 2310 1195 2368 nnllam
1220 2310 1420 2367 auctoritatem
1442 2309 1625 2367 tribuendam
1645 2327 1708 2367 esse
1730 2307 1857 2368 Zenonis

1085 2398 1251 2457 testimonio
1274 2398 1351 2476 apud
1371 2396 1499 2456 'feletem
1512 2399 1562 2474 (cf.
1586 2397 1620 2454 le.
1643 2399 1700 2469 ⁶43
1721 2396 1758 2455 de
1777 2395 1862 2455 'lele-

1086 2491 1221 2546 tis‘aetate
1238 2486 1275 2543 ef.
1291 2484 1433 2557 Niebuhr,
1448 2487 1551 2542 illicia.
1568 2487 1641 2542 Mili.
1656 2499 1677 2544 t.
1702 2484 1736 2560 Ι,
1752 2507 1781 2563 p.
1803 2485 1879 2559 159.

1086 2577 1158 2650 ssi,
1179 2594 1238 2652 quo
1258 2573 1333 2633 illud
1351 2587 1463 2632 tantum
1483 2574 1604 2652 probari
1631 2573 1770 2643 affirmat,
1787 2573 1861 2631 enti·

1086 2664 1229 2739 quissimo
1250 2659 1311 2738 jam
1330 2673 1463 2739 tempore
1487 2661 1652 2719 Aristotelis
1671 2659 1787 2718 libellos
1810 2679 1861 2717 ex-

1084 2755 1186 2816 stitisse
1193 2770 1318 2828 quornm
1333 2750 1494 2825 catalogum
1506 2752 1657 2828 scripserit
1675 2749 1862 2809 Andronicus

1088 2859 1167 2897 nunc
1180 2838 1415 2917 deperditorum,
1429 2851 1506 2896 recte
1520 2857 1588 2896 vere
1598 2838 1754 2915 inscriptos
1771 2837 1861 2895 inisse

1089 2927 1210 2987 minime
1231 2925 1343 2999 evinci,
1366 2945 1401 2984 ea
1417 2939 1451 2983 ut
1475 2924 1589 2984 cuidam
1609 2925 1787 2984 satisfaciant
1807 2927 1858 2981 vix

1089 3016 1247 3072 verendum
1259 3015 1326 3072 erit.
1339 3012 1421 3072 Licet
1435 3014 1552 3071 enimet
1567 3013 1640 3070 illud
1655 3012 1858 3083 concedamus,

1089 3103 1183 3161 fictam
1197 3121 1260 3160 esse
1271 3101 1347 3158 hanc
1360 3120 1477 3159 omnem
1487 3101 1614 3158 Zenonis
1624 3100 1660 3156 de
1670 3098 1783 3156 Cratete
1796 3117 1862 3156 nar·

1088 3191 1229 3248 rationem
1238 3233 1247 3262 ,
1256 3189 1304 3246 cui
1313 3209 1373 3246 non
1389 3189 1532 3246 absimilis
1547 3200 1591 3246 est
1605 3206 1669 3264 quae
1682 3189 1719 3246 de
1729 3188 1796 3266 ipso
1806 3185 1861 3244 Ze·

1088 3296 1164 3336 none
1176 3287 1312 3335 narratur
1328 3274 1404 3353 apud
1417 3276 1539 3350 Diogen.
1552 3276 1586 3334 L.
1599 3273 1666 3347 Vll,
1683 3296 1714 3350 a,
1727 3295 1785 3352 sq.,
1802 3295 1861 3332 non

1089 3377 1184 3422 minen
1198 3363 1267 3422 inde
1282 3361 1470 3439 consequitur
1486 3375 1515 3419 et
1529 3364 1624 3440 ipsum
1638 3361 1745 3440 dequo
1757 3381 1861 3420 narra-

1089 3463 1137 3508 tnr
1161 3449 1271 3508 librum
1292 3451 1453 3509 necessario
1471 3449 1569 3506 fictum
1591 3461 1620 3506 et
1641 3447 1859 3526 supposititium

1091 3540 1189 3598 luisse.

1420 3684 1445 3724 1.
1472 3667 1540 3741 (ω.)

1127 3812 1235 3872 Joann.
1251 3810 1360 3871 Stobaei
1375 3811 1476 3871 Floril.
1487 3809 1537 3889 95,
1551 3831 1586 3867 οι
1604 3827 1612 3865 :
1627 3807 1676 3868 Ἰδκ
1688 3811 1739 3865 τῶν
1752 3771 1866 3877 illeso<

1089 3901 1216 3977 latroni.
1231 3901 1324 3972 Ζήνων
1337 3899 1388 3980 ἔφη
1409 3899 1537 3977 Κράτητα
1552 3895 1738 3974 despetionem
1753 3896 1779 3951 lv
1800 3916 1862 3952 οκυ·

1089 3989 1150 4048 τιύω
1179 3988 1325 4065 καθημενον
1353 3986 1397 4046 τδν
1423 3984 1675 4060 Ἀριστοτέλους
1703 3983 1864 4060 ΙΙρο-τρεπτι

1089 4078 1149 4147 κδν,
1169 4075 1198 4135 δν
1220 4077 1250 4152 ἔγ
1252 4079 1318 4157 pape
1332 4075 1398 4153 πρὸς
1415 4074 1559 4150 &spicosa
1576 4094 1621 4130 τον
1641 4068 1766 4147 Κυπρίων
1787 4071 1865 4146 βασι·

1089 4166 1137 4224 tta
1152 4165 1234 4242 λέγων
1254 4164 1294 4221 ὅτι
1313 4162 1398 4222 obieri
1415 4160 1499 4219 πλείω
1513 4157 1627 4237 ἀγαθὰ
1616 4156 1730 4236 υποὲρχιι
1751 4155 1847 4234 πρὸς
1833 4157 1864 4215 -ὸ

1091 4255 1276 4364 ριλοτορῆοαι·
1298 4249 1410 4310 πλουτύν
1424 4271 1481 4306 τε·
1478 4247 1523 4326 (Ιρ
1545 4246 1668 4302 πλεῖστον
1690 4242 1768 4300 αὐτὸν
1795 4240 1864 4321 ἔχειν

1088 4340 1156 4400 ὥστε
1182 4342 1303 4401 δαπανᾶν
1329 4341 1365 4405 εἰς
1391 4358 1493 4404 ταυτα,
1517 4333 1557 4392 ἔτι
1586 4332 1652 4390 δὲ
1637 4330 1679 4398 odi
1681 4353 1712 4388 αν
1737 4328 1864 4411 ὑπάρχειν

1059 4431 1169 4489 Ιοιιίτῶ.
1180 4427 1412 4508 Αναγινωσκοντον
1420 4423 1491 4482 δε
1462 4448 1495 4482 αυ
1497 4428 1540 4480 τοῦ
1552 4421 1596 4482 τὸν
1610 4420 1707 4478 σκυτέα
1719 4418 1768 4498 ἔφη
1784 4441 1864 4498 προτ-

497 4547 747 4556 ----—-....--.—-.-—..⁴
791 4551 848 4556 ....-.
879 4552 1036 4560 ---—..-

638 4600 659 4642 2.

294 4677 370 4741 Major
382 4691 437 4740 pars
449 4677 588 4741 hominum,
602 4682 629 4729 nt
638 4681 671 4730 ait
680 4680 833 4746 Aristoteles,
851 4688 893 4734 sut
906 4699 953 4734 non
963 4685 1037 4735 utitur

263 4765 350 4815 divitiis
362 4765 426 4826 suis,
441 4767 549 4828 quisunt
565 4767 671 4819 illiberali
682 4772 707 4820 et
718 4771 815 4821 sordido
827 4772 920 4835 prediti
929 4773 1037 4837 ingenio·

264 4857 305 4903 aut
320 4853 352 4904 ob
365 4853 549 4917 pmiosionem'
534 4869 564 4904 ns
586 4855 711 4906 abutitur:
728 4870 830 4919 quorum
844 4857 912 4908 alteri
926 4859 1037 4922 negotiis,

265 4941 332 4990 alteri
348 4942 511 5005 voluptatibus
526 4955 648 5004 nonquam
662 4956 709 4992 non
726 4947 784 4994 sunt
791 4942 874 4994 dediti.

526 5032 769 5083 PROTREPTICUS.

641 5129 663 5172 l.

297 5209 376 5258 zenon
402 5209 435 5260 ait
455 5211 575 5262 cralelem
595 5211 618 5260 in
644 5211 735 5263 sutrina
760 5209 882 5262 sedentem
905 5211 1040 5262 Aristotelis

1092 4599 1267 4660 emuepueun
1284 4595 1382 4658 legisse,
1395 4605 1467 4655 qoem
1485 4590 1525 4638 ille
1540 4588 1637 4651 scripsit
1654 4587 1684 4636 ad
1696 4585 1864 4636 Thunisonem

1090 4685 1233 4750 cypriorum
1245 4697 1340 4748 regen,
1356 4686 1466 4749 inquiens
1478 4682 1567 4733 nemini
1584 4685 1622 4733 tot
1638 4678 1819 4730 commoditates
1835 4675 1865 4726 ed

1091 4771 1308 4836 philosophandum
1317 4772 1440 4835 obtigisse
1451 4775 1512 4823 Nem
1520 4783 1579 4834 opes
1589 4782 1644 4819 enm
1653 4767 1742 4817 habere
1751 4764 1866 4828 plurimas

1091 4861 1156 4911 unde
1169 4864 1281 4924 sumptus
1296 4861 1375 4910 lacere
1394 4861 1471 4924 possit
1484 4859 1514 4908 sd
1530 4856 1712 4909 statatum
1705 4855 1824 4918 ingenium
1843 4858 1866 4903 et

1091 4947 1165 5009 chria
1177 4947 1294 4998 mensem
1307 4959 1369 4997 esse.
1381 4950 1440 4996 Hine
1450 4959 1480 4996 eo
1494 4947 1586 5008 legente
1602 4945 1707 4994 sutorem
1719 4941 1867 4993 enuntiasse

1091 5037 1184 5085 calceos
1203 5035 1297 5086 interim
1312 5036 1424 5085 sumno:
1441 5038 1495 5085 tum
1511 5035 1633 5084 cratetem
1648 5031 1760 5082 dixisse:
1780 5033 1865 5093 operte

1093 5123 1195 5185 pretium
1209 5121 1267 5171 mihi
1278 5122 1384 5172 tacturus
1394 5136 1448 5174 esse
1462 5122 1555 5185 videor,
1573 5120 1689 5181 Philisco,
1706 5118 1727 5168 si
1738 5119 1768 5169 sd
1780 5121 1806 5168 te
1814 5131 1865 5167 ser-

1092 5224 1188 5260 monem
1204 5211 1361 5262 hortatorium
1371 5213 1498 5277 scripsero.
1517 5211 1594 5262 Video
1610 5212 1674 5261 enim
1684 5209 1727 5260 tihi
1739 5210 1792 5272 plrrs
1803 5221 1856 5257 corn
