4017 5984
536 421 588 481 DE
610 419 801 481 lh'DlClBUS
823 397 1025 480 LlBRORUlll
1045 421 1304 482 ARISTOTELIS.
1592 451 1596 458 ·
1685 431 1723 490 tu

116 548 138 607 l.
152 547 170 604 Ι.
191 567 219 624 p.
237 549 304 623 237)
323 568 330 603 :
354 549 396 602 lle
411 547 567 602 Aristotelis
578 549 651 614 vito,
675 556 760 600 morte
772 549 890 618 scripto-

115 655 231 711 rnruque
237 638 344 707 ordine,
360 633 472 711 quippe
491 651 556 710 quae
570 633 669 690 simnia
684 631 767 690 facile
781 650 818 689 ex
832 651 891 689 uno

115 724 275 800 eodemque
290 723 370 781 sonte
381 719 500 780 duxisse
512 719 669 797 potuerint.

155 812 225 880 Quae
251 809 277 868 si
297 827 368 867 rere
392 827 409 865 a
436 804 523 865 nobis
543 805 690 884 disputata
715 817 799 876 sunt,
824 804 886 882 jam

117 899 191 958 illud
213 897 399 976 perspicitur,
422 893 494 973 quid
516 894 553 952 de
574 893 681 952 indicis
705 912 791 971 quem
813 912 891 951 ooni-

116 1005 233 1046 munem
259 999 420 1044 ceterorum
449 984 558 1042 iontem
584 996 613 1041 et
634 980 777 1058 originem
803 980 890 1040 babe-

116 1094 181 1136 rarus
205 1075 374 1133 auctoritate
394 1085 480 1150 atque
502 1071 560 1131 fide
586 1069 768 1129 statuendum
784 1069 832 1128 sit.
860 1071 889 1130 si

113 1163 193 1222 enim
205 1161 279 1222 nihil
295 1161 374 1220 aliud
385 1160 513 1220 continet
528 1158 624 1218 tabula
640 1157 716 1237 apud
730 1158 888 1233 Diogenem

115 1251 261 1310 laertium
292 1262 424 1320 servata,
446 1267 534 1326 equam
567 1246 667 1306 titulos
697 1246 815 1304 illorum
848 1245 888 1304 ti-

114 1339 247 1411 brorum‚
263 1339 314 1416 qui
324 1339 443 1397 ineunte
459 1336 519 1396 lere
532 1335 621 1393 altero
637 1348 703 1414 post
717 1332 886 1413 philosophi

113 1422 888 1504 mortemsaeculo,ejusnomineinscripti,inAlexan-

112 1515 202 1574 drina
218 1515 394 1576 bibliotheca
419 1511 651 1583 asservabantur,
668 1510 776 1590 quibus
798 1511 890 1569 etalii

113 1602 213 1662 dubiae
235 1603 317 1675 lidci,
342 1623 466 1679 quorum
494 1603 669 1660 mentionem
699 1620 730 1659 se
758 1599 891 1658 consulto

113 1691 336 1768 praetermisisse
355 1681 474 1750 testatur
491 1689 651 1764 Diogenes,
676 1688 767 1748 additi
790 1700 889 1759 erant,

113 1779 172 1837 tale
186 1779 325 1838 habemus
337 1777 552 1847 testimonium,
568 1777 615 1835 cui
629 1789 749 1855 propter
763 1776 890 1852 antiqui-

114 1879 200 1926 tatem
212 1868 294 1927 nullo
311 1867 398 1925 modo
407 1865 503 1924 omnis
514 1863 584 1922 lides
593 1863 758 1940 deroganda
770 1875 823 1934 est,
838 1865 892 1921 etsi

115 1956 216 2016 multae
230 1958 290 2015 sint
307 1973 468 2032 gravesque
489 1971 582 2011 causae
596 1951 703 2029 quibus
714 1950 779 2029 ejus
796 1963 894 2009 aucto·

114 2044 186 2102 ritas
211 2044 370 2102 minuatur.
386 2041 453 2100 lam
467 2041 546 2099 euim
569 2040 643 2098 illud
663 2059 700 2098 ex
715 2041 782 2119 ipso
796 2039 894 2098 indice

114 2132 304 2210 perspicuum
326 2141 386 2199 est,
405 2131 481 2188 inter
494 2129 575 2205 ipsos
597 2127 765 2207 philosophi
787 2125 892 2198 libros,

114 2218 186 2278 tales
206 2217 315 2296 apponi
329 2217 380 2294 qui
396 2236 412 2275 e
427 2214 588 2294 majoribus
606 2228 715 2273 tantum
731 2215 819 2274 modo
840 2234 892 2272 ex·

115 2307 209 2385 cerpti
221 2318 313 2366 erant.
330 2303 388 2363 Nec
398 2305 495 2363 minor
509 2303 614 2362 deinde
627 2323 663 2361 ex
679 2303 798 2362 illorum
820 2323 887 2361 nar-

116 2395 283 2454 rationibus
296 2387 392 2452 oritur
411 2391 576 2463 dubitatio,
597 2393 648 2468 qui
671 2403 814 2450 testantur
827 2411 887 2450 non

114 2501 238 2560 parvum
254 2501 405 2542 uulnerum
426 2479 589 2557 librorum,
604 2499 657 2559 per
677 2479 806 2541 fraudent
822 2481 892 2538 sri-

113 2571 226 2630 stotelis
240 2569 359 2629 nomine
367 2570 588 2649 inscriptorum,
597 2559 737 2647 AEgyptiis
748 2580 777 2630 et
786 2569 893 2644 Perga·

114 2660 210 2718 ntenis
233 2657 352 2736 regibus
374 2657 503 2717 oblatum
523 2676 595 2716 esse.
619 2655 745 2728 Quibus·
758 2658 785 2716 si
809 2657 890 2716 acidis

949 545 1042 624 ipsam
1066 543 1265 604 difficultatem
1297 544 1489 621 dignoscendi
1521 563 1655 610 auctores
1683 565 1724 610 tot

948 633 1129 692 voluminum
1142 636 1252 711 absque
1259 633 1429 694 nominibus
1444 635 1631 712 traditorum,
1646 659 1726 698 erro·

948 739 1068 797 remque
1094 741 1112 779 e
1143 723 1306 781 temerariis
1319 727 1322 731 ’
1335 722 1505 781 criticorum
1543 724 1725 802 conjecturis

949 821 1065 886 ortum,
1079 829 1139 868 non
1154 809 1275 886 negabis
1287 811 1357 870 satis
1370 815 1496 890 amplam
1509 816 1657 873 materiem
1669 817 1725 874 du-

946 894 1095 956 bitationis
1107 917 1268 977 superesse.
1278 897 1322 957 Ex
1334 899 1423 958 altera
1434 912 1530 958 tamen
1540 916 1633 980 parte,
1646 903 1723 962 haud

948 1004 1041 1062 pauca
1051 999 1130 1058 sunt,
1145 1006 1211 1064 quaa
1220 1007 1280 1046 non
1294 988 1380 1066 plane
1389 988 1631 1048 inconsideratam
1642 991 1724 1052 illius

947 1073 1036 1132 luisse
1056 1073 1255 1133 demonstrent
1275 1093 1411 1153 operam,
1429 1077 1481 1154 qui
1501 1077 1576 1136 hanc
1596 1077 1723 1138 tabulam

945 1160 1087 1219 condidit.
1101 1162 1144 1221 De
1157 1181 1216 1240 qua
1226 1163 1358 1241 prolecto
1370 1163 1474 1223 melius
1481 1163 1690 1242 judicaremus,
1701 1169 1724 1226 si

944 1263 971 1307 et
984 1249 1101 1308 illorum
1110 1249 1254 1310 librorum
1266 1251 1365 1310 titulos
1375 1250 1503 1329 adjicere
1512 1273 1571 1312 non
1582 1255 1728 1314 omisisset

944 1337 1088 1413 Diogenes
1109 1336 1260 1411 Laertius,
1284 1359 1358 1418 quos
1371 1351 1405 1398 ut
1427 1341 1630 1418 supposititios
1647 1362 1726 1401 ace·

945 1426 1015 1485 teris
1028 1440 1231 1504 segregaverat
1251 1427 1353 1487 a'uctor
1375 1428 1491 1488 indicis.
1507 1427 1566 1488 Etsi
1585 1430 1677 1506 igitur
1690 1431 1728 1490 li·

948 1513 1051 1573 benter
1065 1515 1220 1575 concedant
1231 1515 1454 1595 haudquaquam
1464 1519 1622 1595 omnesqui
1631 1519 1662 1576 in
1672 1519 1728 1578 hoc

947 1602 1046 1661 indice
1066 1617 1252 1662 recensentur
1268 1603 1361 1664 libros
1379 1624 1435 1683 pro
1464 1607 1600 1682 genuinis
1626 1606 1726 1666 haberi

946 1691 1727 1772 posse,tamenollirmareuondubito,siexcipiasillos

946 1775 983 1834 de
996 1777 1103 1854 quibus
1116 1798 1204 1856 supra
1216 1779 1277 1856 jani
1290 1781 1419 1840 diximus
1431 1800 1447 1839 e
1457 1781 1618 1859 majoribus
1627 1802 1726 1841 excer-

947 1879 1031 1943 ptos,
1047 1866 1226 1942 reliquorum
1241 1869 1293 1926 rix
1309 1888 1398 1927 unum
1414 1869 1575 1930 alterumve
1593 1889 1671 1942 esse,
1687 1870 1724 1928 de

949 1972 1009 2030 quo
1023 1957 1093 2012 satis
1105 1954 1213 2012 validis
1226 1956 1404 2031 argumentis
1421 1956 1618 2017 demonstrari
1631 1958 1725 2036 possit

952 2060 1053 2098 revera
1070 2060 1135 2099 eum
1152 2042 1302 2101 Aristoteli
1318 2041 1482 2120 abjudicari
1499 2044 1617 2103 debore.
1638 2045 1724 2115 Quod

949 2141 1044 2187 autem
1057 2130 1144 2204 plane
1157 2129 1243 2188 aliter
1257 2149 1288 2188 se
1307 2130 1405 2204 habet,
1421 2133 1446 2190 si
1461 2132 1509 2190 vel
1522 2133 1721 2212 Appendicem

950 2217 1000 2293 qui
1015 2229 1081 2295 post
1091 2220 1238 2295 Anonymi
1247 2217 1373 2277 iudicem
1386 2219 1505 2295 legitur,
1518 2221 1565 2278 vcl
1578 2223 1726 2301 praecipue

950 2304 1208 2364 llschemaluddini
1224 2306 1387 2383 catalogum
1399 2325 1475 2374 ,cum
1495 2309 1656 2386 antiquiori
1671 2310 1725 2368 illo

950 2391 1093 2470 longoque
1114 2395 1312 2471 praestantiori
1334 2395 1522 2456 conferimus.
1538 2395 1595 2454 Sed
1622 2396 1659 2455 de
1678 2396 1725 2456 his
1751 2419 1759 2435 ¹

950 2479 1089 2558 salisiani
1101 2480 1267 2555 dictasunt,
1281 2485 1313 2541 in
1324 2501 1357 2542 re
1365 2483 1539 2562 pracsertim,
1555 2485 1587 2544 in
1596 2505 1665 2563 qua,
1679 2499 1723 2544 te·
1825 2531 1829 2538 .

950 2569 1155 2629 stinroniorum
1174 2569 1214 2629 ob
1228 2572 1381 2650 penuriam
1408 2584 1466 2631 tam
1481 2591 1557 2651 saepe
1574 2575 1609 2632 ad
1624 2573 1723 2652 conje-

951 2670 1047 2717 cturas
1061 2659 1288 2736 confugiendum
1302 2674 1356 2720 est.
