4017 5984
541 431 591 490 ΒΕ
613 429 801 491 lNDlGlBUS
822 428 1026 491 Ltssuuuutt
1050 430 1307 493 ARISTOTELIS.
1415 476 1422 484 .
1691 440 1720 496 ii

127 585 203 623 mum
218 567 294 623 (lietu
312 563 395 622 obiit.
414 564 513 622 Libris
533 583 550 622 u
572 563 837 623 llschemaluddino
853 583 897 623 re·
953 563 1081 639 stoteles,
1102 564 1147 624 vel
1163 565 1214 642 qui
1241 565 1298 624 sub
1317 563 1381 644 ejus
1403 567 1523 624 nomine
1542 568 1726 627 circumiere·

126 652 387 729 censitisadjuuxit
396 652 519 712 aliorum
532 651 734 728 seriem,quos
743 671 815 710 uero
825 652 897 710 tales
951 650 1072 725 bantur,
1102 652 1305 726 condiderint,
1337 671 1438 712 revera
1472 666 1582 712 tantum
1617 655 1724 720 luisse.

127 759 188 798 esse
203 739 360 798 ostendunt
378 741 429 815 qui
443 753 651 798 enumerantur
664 739 755 814 tituli,
771 751 803 798 ut
816 743 898 798 omni
952 753 1092 818 quantum
1107 761 1123 799 a
1137 743 1285 801 nonnullis
1301 742 1457 801 iudicatum
1472 744 1597 820 reperio.
1615 745 1728 802 Deinde

128 831 185 888 lere
196 829 367 887 auctoritate
384 826 513 886 destituti
523 828 591 888 sint.
605 829 794 906 hpponamus
804 840 898 885 tamen
952 847 1041 902 vero,
1061 828 1087 888 si
1102 849 1168 888 cunt
1182 829 1236 889 illo
1259 829 1338 908 quod
1362 831 1393 888 io
1416 830 1509 889 simili
1523 830 1610 908 plane
1631 852 1662 889 re
1685 831 1723 889 ab

127 927 153 971 et
171 914 259 985 illos,
274 915 375 992 quales
400 913 476 992 apud
491 913 691 974 Wenrichium
721 915 740 976 l.
756 915 777 972 l.
793 935 822 994 p.
841 915 896 972 158
953 913 1122 975 Hermanno
1139 916 1270 976 Usenero
1285 917 1446 977 rectissime
1460 916 1645 976 observatum
1664 933 1724 988 est,

128 1023 171 1078 sq.
189 1001 337 1076 leguntur,
355 1019 391 1058 ne
410 1001 481 1080 quid
497 1003 618 1061 omnino
632 1003 832 1062 desideretur:
953 1002 985 1060 in
1002 1008 1148 1064 Analectis
1163 1007 1391 1081 Theophrastcis,
1403 1004 1497 1084 Lips„
1516 1005 1603 1080 1858,
1616 1027 1647 1084 p.
1660 1015 1696 1073 at,
1718 1030 1726 1063 :

959 1091 1132 1151 «Omnibus
1152 1092 1338 1170 antiquorum
1354 1093 1472 1153 πινάκων
1486 1093 1631 1171 reliquiis,
1647 1095 1671 1152 si
1691 1093 1729 1151 li-

199 1181 243 1262 Dc
256 1179 521 1254 Physiognoruonia,
536 1183 615 1237 liber.
952 1176 1075 1239 brorum
1092 1179 1205 1240 tabulas
1226 1181 1264 1240 ab
1278 1182 1352 1262 ipsis
1365 1181 1560 1259 scriptoribus
1578 1195 1627 1240 aut
1642 1181 1729 1240 disci·

202 1269 245 1322 De
257 1267 446 1342 Syllogismis,
464 1270 529 1324 libri
543 1273 589 1326 ΙΙ.
953 1269 1031 1344 pulis
1045 1269 1283 1329 familiarissimis
1307 1271 1465 1339 coniectas,
1480 1283 1514 1328 ut
1526 1289 1581 1348 par
1594 1284 1653 1342 est,
1676 1289 1726 1328 err·

201 1359 244 1411 Dc
257 1357 385 1412 Siderum
397 1362 518 1426 arcanis,
535 1359 615 1418 liber.
955 1355 1066 1434 cipias,
1094 1357 1125 1416 id
1143 1358 1296 1437 proprium
1317 1371 1361 1416 est
1383 1357 1462 1434 quod
1486 1376 1520 1414 ea
1540 1371 1648 1416 tantum
1665 1378 1730 1434 quae

201 1445 246 1500 De
258 1447 386 1501 Numerio
405 1447 485 1502 liber.
953 1445 1041 1505 certis
1056 1447 1087 1505 in
1100 1446 1289 1507 bibliothecis
1299 1447 1361 1506 sire
1374 1446 1570 1505 Alexandrina
1584 1447 1647 1505 sive
1660 1447 1726 1504 ller-

163 1533 179 1588 5
203 1535 247 1588 De
262 1535 335 1588 Vino
343 1535 456 1606 ejusque
464 1546 532 1608 pata
544 1553 579 1589 ac
593 1536 750 1591 inebriandi
760 1539 804 1602 vi,
822 1553 900 1608 qua·
955 1551 1076 1608 gamena
1090 1537 1154 1594 site
1180 1536 1247 1595 aliis
1270 1535 1391 1594 collecta
1410 1547 1494 1592 erant
1507 1534 1613 1612 respici
1637 1535 1730 1592 solent
1754 1545 1760 1556 ·

241 1627 345 1677 stiones
354 1623 466 1680 XXII.
954 1624 1142 1697 volumina»,
1155 1643 1189 1682 ea
1209 1622 1414 1700 conjungimus
1427 1640 1493 1698 quae
1510 1635 1628 1680 narrant
1639 1622 1729 1679 lithe-

149 1765 154 1774 ,
202 1711 245 1764 De
255 1709 408 1786 Sanguinis
415 1707 587 1784 profusione.
954 1730 1046 1781 naeus,
1062 1710 1151 1790 Epit,
1165 1710 1191 1782 l,
1206 1731 1237 1790 p.
1251 1713 1280 1783 3,
1304 1711 1341 1784 Α,
1357 1708 1486 1766 Galenus
1507 1708 1539 1766 in
1562 1707 1730 1786 llippocrat.

206 1800 250 1852 De
265 1799 407 1862 Fallacia,
425 1795 538 1854 siverlc
551 1799 716 1852 Patrociniis
729 1793 897 1866 scidicibur.
955 1799 998 1856 De
1020 1811 1081 1860 nat,
1101 1798 1195 1870 hom„
1218 1798 1250 1870 1,
1277 1806 1333 1873 42,
1353 1796 1515 1855 Aristotelis
1540 1797 1729 1873 interpretes,

201 1887 430 1943 Exhortationes.
955 1886 1129 1944 Ammonius
1154 1886 1186 1943 in
1208 1885 1308 1960 Categ.
1330 1884 1351 1944 f.
1377 1904 1397 1958 9
1418 1902 1521 1955 verso,
1540 1882 1647 1955 David,
1671 1884 1728 1951 ih.,

203 1975 246 2027 Dc
259 1973 421 2047 Lapidibus.
955 1994 986 2049 p.
1004 1975 1054 2045 οδ,
1065 1973 1103 2050 Α,
1120 1993 1168 2042 ιι,
1183 1972 1221 2030 de
1234 1991 1316 2047 cura,
1329 1971 1399 2029 licet
1418 1989 1521 2048 parunt
1534 1983 1627 2042 cauta,
1645 1991 1730 2048 quatu

149 2080 186 2118 ιο
208 2062 254 2116 Dc
269 2059 361 2119 Coitu.
956 2063 987 2118 in
1003 2059 1210 2119 coacervandis
1226 2056 1429 2118 voluminibus
1442 2057 1603 2115 Aristotelis
1614 2059 1732 2116 nomine

206 2151 249 2203 Dc
264 2145 510 2218 Metallifcdinis.'
956 2148 1108 2227 inscriptis
1131 2147 1248 2226 AEgypti
1274 2164 1357 2222 reges
1375 2158 1551 2223 posuerant,
1579 2146 1651 2222 quin
1670 2145 1730 2222 jam

204 2237 249 2290 Dc
259 2238 432 2290 Arteriarum
441 2237 532 2308 pulsu.
957 2235 1143 2295 Alexandria
1154 2234 1271 2293 condita
1285 2233 1373 2297 fuerit
1387 2231 1730 2291 abutanristoteteorum

203 2325 389 2396 Dc0bjectis,
409 2323 473 2378 libri
485 2324 636 2379 XXXIV.
956 2323 1101 2382 librorum
1125 2323 1209 2381 nullo
1230 2321 1318 2380 modo
1342 2320 1465 2379 dubium
1486 2318 1583 2377 rideri
1609 2321 1730 2396 poterit,

205 2412 250 2466 De
263 2413 360 2467 Sicilia
375 2408 540 2469 labentibus.
956 2413 1014 2471 uisi
1034 2411 1135 2472 credas
1148 2409 1218 2469 illos
1234 2409 1286 2487 qui
1300 2411 1346 2467 tel
1358 2407 1562 2466 Alexandrinis
1576 2406 1732 2466 bibliothe-

146 2498 179 2556 15
204 2502 335 2569 rimam,
350 2503 635 2576 descientiamagica
648 2502 812 2556 admodum
823 2500 902 2554 Grrr-
957 2500 1000 2558 cis
1018 2510 1173 2578 praeerant,
1188 2498 1235 2556 rel
1257 2496 1366 2575 quibus
1383 2496 1420 2555 ad
1440 2496 1507 2554 illas
1529 2495 1625 2554 aditus
1652 2509 1732 2572 pate-

244 2607 349 2648 corum.
955 2586 1021 2657 bat,
1038 2586 1134 2646 minus
1155 2585 1304 2646 studiosos
1328 2584 1418 2643 luisse
1438 2583 1472 2642 in
1495 2583 1681 2641 recensendis
1702 2598 1731 2642 et

195 2679 246 2734 Dc
258 2677 387 2734 Sanitate
399 2689 427 2733 et
440 2679 550 2735 Morbo.
956 2674 1161 2734 enutrierandis
1174 2673 1339 2732 Aristotelis
1351 2671 1450 2744 libris,
1461 2689 1548 2748 quatu
1558 2671 1590 2730 in
1600 2689 1732 2728 coemen-

202 2767 246 2822 De
263 2765 390 2824 Universi
398 2777 508 2832 natura,
531 2769 572 2820 ati
584 2766 791 2820 Alexandrum.
957 2763 1002 2822 dis
1013 2761 1195 2820 Ptolemaeos.
1207 2766 1245 2819 At
1251 2761 1336 2818 talem
1343 2758 1488 2834 originem
1501 2759 1652 2817 manifeste
1663 2779 1732 2836 pro-

203 2856 250 2910 De
265 2855 464 2929 Definitionum
475 2855 702 2921 contradictione,
721 2851 783 2907 libri
793 2853 840 2908 ΙΙ.
957 2849 1001 2908 dit
1022 2849 1109 2907 index
1124 2847 1265 2922 Diogenis
1280 2868 1288 2904 ι
1302 2844 1355 2924 qui
1366 2846 1445 2904 enim
1460 2845 1546 2903 aliter
1558 2845 1621 2903 lieri
1633 2858 1734 2923 potue-

204 2942 249 2996 De
261 2943 520 3006 Dcrnonstmtione,
536 2941 599 2995 libri
610 2943 657 2996 II.
959 2937 1010 3008 rit,
1025 2951 1057 2996 ut
1073 2937 1160 3012 louge
1171 2935 1298 2993 maxima
1310 2952 1378 3012 pars
1393 2931 1539 2990 librorum
1554 2933 1732 3006 Aristotelis,

152 3047 187 3084 οο
208 3031 387 3088 Dellelatis.
784 3079 788 3094 ,
958 3027 1010 3102 qui
1024 3026 1113 3086 hodie
1128 3024 1301 3103 superstites
1314 3035 1393 3095 sunt,
1406 3020 1438 3081 in
1453 3021 1507 3080 illo
1522 3021 1734 3093 desiderentur,

205 3120 251 3174 De
268 3119 465 3173 Grammaticis
479 3123 602 3174 arcanis.
958 3115 1093 3194 equidem
1107 3133 1162 3190 ego
1183 3113 1266 3172 nullo
1276 3112 1363 3171 modo
1374 3110 1474 3169 video.
1490 3109 1534 3167 De
1552 3122 1670 3168 auctore
1682 3129 1735 3168 au·

208 3208 296 3262 Mille
304 3206 394 3262 uerba
402 3207 439 3261 dc
453 3207 776 3282 asoobgiajudtciarta.
961 3219 1017 3263 tem
1034 3205 1142 3263 indicis
1155 3204 1181 3263 si
1205 3203 1375 3279 quaerimus,
1401 3199 1500 3258 nullus
1521 3209 1566 3256 est
1588 3196 1624 3255 ad
1648 3216 1732 3273 quent

205 3297 249 3351 De
260 3294 387 3369 Speculo.
959 3293 1140 3352 commodius
1163 3291 1318 3361 referatur,
1338 3288 1392 3347 etsi
1410 3287 1447 3346 de
1459 3305 1496 3345 eo
1511 3285 1623 3344 nullutn
1642 3286 1732 3342 diser·

208 3387 253 3440 Dc
261 3384 374 3439 Summo
384 3386 522 3458 Imperio.
959 3393 1019 3438 tunt
1046 3379 1241 3439 testimonium
1270 3389 1379 3447 exstat,
1403 3394 1491 3453 quatu
1513 3373 1548 3432 ad
1564 3373 1733 3431 Callimachi

149 3469 183 3526 ab
205 3473 290 3527 Liber
304 3473 502 3548 apologeticus.
958 3467 1147 3548 discipulum,
1167 3466 1359 3544 Hermippum
1376 3463 1571 3540 Smyrnaeum,
1587 3461 1732 3540 peripate-

205 3562 249 3615 lle
259 3561 287 3611 V
287 3564 428 3616 incentect
439 3564 522 3625 uicto,
538 3571 679 3632 quarente
688 3571 715 3614 et
727 3563 852 3632 quaesito,
867 3558 908 3609 ml
960 3557 1061 3618 ticum,
1074 3556 1145 3616 Nam
1167 3574 1276 3632 quunt,
1302 3565 1336 3610 ut
1353 3551 1470 3610 duobus
1497 3550 1530 3608 in
1551 3549 1626 3637 locis
1651 3546 1735 3606 scho-

249 3649 441 3702 Alcrandrum
455 3648 606 3723 Magnum.
959 3647 1043 3705 liasta
1065 3643 1260 3724 Theophrasti
1295 3641 1439 3714 declarat,
1473 3639 1504 3698 in
1535 3637 1622 3695 finem
1645 3635 1736 3693 hleta-

959 3735 1046 3812 phys.
1060 3755 1090 3813 p.
1099 3733 1222 3803 tanei.
1232 3729 1356 3789 Brundis
1368 3730 1470 3788 t'l'c'tire
1479 3724 1510 3784 rb
1518 3723 1619 3804 aritia
1630 3722 1734 3803 ’hripi-

170 3817 290 3878 Callatis
309 3817 386 3876 inter
401 3835 433 3876 se
448 3817 529 3876 bisce
545 3817 664 3890 tabulis,
681 3817 765 3876 facile
782 3826 908 3897 appare·
959 3845 1028 3889 νικος
1043 3822 1091 3898 μὲν
1102 3821 1148 3880 καὶ
1158 3819 1313 3901 Ἕρμιππος
1331 3821 1476 3894 ἀγνοοῦσιν·
1496 3814 1553 3874 οὐδὲ
1573 3813 1624 3892 γὰρ
1646 3813 1736 3890 μνείαν

136 3903 175 3962 bit
200 3905 369 3982 aDiogene
388 3905 561 3985 exscriptam
589 3906 693 3968 ceteris
717 3906 805 3982 longe
829 3925 906 3984 prae·
960 3909 1040 3968 αὐτοῦ
1053 3908 1119 3976 ὅλως
1139 3908 1296 3979 πιποίηνται
1317 3907 1394 3983 litii
1420 3905 1559 3984 ἀναγραφῇ
1583 3903 1637 3960 τῶν
1664 3906 1734 3962 θεο-

136 3994 300 4053 stantiorem
315 4011 396 4070 esse,
411 4013 477 4052 cum
499 4006 618 4073 propter
635 3993 732 4073 ipsum
756 3993 906 4052 titulorum
960 3999 1076 4079 apiatas
1099 3996 1216 4076 βιὸλίωυ·
1243 3993 1372 4061 Νικόλαος
1394 3991 1418 4050 δ’
1438 3995 1466 4051 ἐν
1488 3994 1522 4072 τῇ
1547 3990 1656 4070 Θεωρία
1683 3995 1734 4049 τῶν

137 4098 205 4154 quos
223 4094 353 4140 recenset
369 4099 539 4155 numerum,
558 4095 619 4140 tum
642 4081 721 4159 quod
745 4079 776 4140 iu
797 4099 831 4139 ea
847 4083 908 4139 sin·
960 4083 1151 4163 Ἀριστοτέλους
1161 4083 1268 4150 uerdrlt
1283 4081 1379 4164 purim
1394 4077 1550 4159 temporatia
1562 4079 1641 4137 αὐτοῦ
1653 4077 1736 4155 λέγων

137 4168 194 4239 guli
214 4169 326 4247 majore
346 4189 413 4228 cum
427 4189 496 4228 cura
510 4169 723 4240 describuntur,
742 4187 907 4247 quanquam
961 4165 1028 4234 εἶναι
1042 4173 1227 4254 Θουφράστου,
1242 4173 1311 4231 itera
1325 4171 1355 4229 in
1371 4169 1456 4228 linem
1472 4167 1588 4247 septimi
1602 4165 1672 4226 libri
1696 4161 1737 4226 D'e

138 4273 186 4313 nec
204 4256 266 4317 haec
289 4259 330 4317 ita
341 4257 468 4333 diligens
482 4257 555 4332 luit,
570 4271 602 4316 ut
620 4258 761 4334 Diogenis
774 4257 909 4335 exemplo
961 4265 1126 4343 plantarum
1137 4261 1281 4321 historia:
1296 4257 1469 4338 Θεοφράστου
1482 4254 1541 4333 περὶ
1554 4256 1652 4314 Φυτῶν
1667 4257 1737 4312 iero·

139 4343 257 4417 pristina
266 4345 388 4422 catalogi
401 4346 492 4403 forma
506 4347 574 4404 satis
585 4345 709 4404 fideliter
716 4363 855 4425 expressa
865 4345 908 4403 ri·
963 4351 1019 4429 ρίας
1032 4350 1062 4413 τὸ
1075 4348 1112 4423 η’,
1122 4346 1278 4430 Ἕρμιππος
1289 4345 1317 4406 δὲ
1329 4346 1389 4425 περὶ
1399 4344 1574 4423 diruperant
1589 4341 1635 4399 trel
1648 4343 1736 4401 liutto·

139 4427 244 4490 deutur.
258 4432 308 4491 Ad
317 4431 392 4492 hauc
407 4433 541 4511 proxime
562 4433 673 4492 accedit
684 4453 749 4509 qua
763 4431 909 4508 Anonymi
962 4441 1026 4512 δῶν,
1043 4437 1203 4517 Ἀνδρόνικος
1216 4435 1244 4496 δὲ
1266 4435 1326 4514 περὶ
1339 4435 1437 4494 Φυτῶν
1450 4430 1567 4511 ἱστορίας
1591 4429 1633 4510 (ι)
1650 4429 1694 4503 [τὸ
1710 4427 1738 4498 η’

140 4531 265 4592 V⁰⁰²l¹¹lt
291 4521 342 4578 'lx
372 4533 525 4598 ῑθῐὶῒῡΡθΥθ
552 4519 719 4598 ἆῑθῦΐθρθῦῦ
754 4519 911 4598 q⁰⁰¹¹¹im¹⁵
962 4527 1126 4586 addendum
1139 4524 1207 4605 est),
1220 4523 1347 4582 tabulam
1362 4522 1538 4599 scriptorum
1547 4517 1737 4596 Theophrasti

140 4619 173 4660 θ’(
194 4607 389 4668 estentona
413 4606 545 4666 derivata
563 4627 627 4668 eae
645 4606 837 4666 existimanda
859 4607 908 4666 sit·
963 4615 1143 4686 astiterit,
1157 4614 1225 4692 quis
1238 4616 1381 4670 minorem
1400 4608 1482 4668 ilium
1502 4625 1599 4666 curam
1621 4605 1739 4682 scriptis

141 4689 227 4758 Quem
259 4709 288 4754 et
312 4696 407 4774 ipsum
432 4695 463 4754 in
491 4694 751 4754 Dschemaluddlni
780 4694 911 4770 ⁰³t³¹08⁰
963 4703 1127 4764 Aristotelis
1135 4716 1353 4778 ceterorumque
1364 4696 1605 4778 philosophorum
1614 4712 1737 4772 quorum

143 4781 350 4853 ‹quodmmodo
369 4801 525 4862 agnoscere
538 4783 618 4845 licet.
634 4781 676 4841 Eo
691 4802 762 4842 vero
772 4779 912 4841 libentius
963 4795 1040 4852 vita,
1053 4804 1223 4851 nutaverat
1236 4787 1413 4866 impendisse
1427 4785 1542 4844 credet?
1557 4783 1633 4844 Care
1642 4792 1737 4837 autem

145 4865 266 4930 adducor
275 4885 308 4932 ut
326 4871 408 4931 hisce
420 4873 557 4930 omnibus
571 4891 659 4930 unam
672 4887 912 4947 communemque
963 4879 1038 4940 illud
1052 4878 1196 4958 objicias,
1213 4874 1476 4935 Alexandrinorum
1498 4871 1611 4929 mimos
1626 4885 1642 4924 a
1655 4884 1738 4924 seve.

146 4955 280 5032 ⁰¹'lblss0ffl
310 4959 496 5019 lflbuessdlm
524 4977 587 5019 ⁰⁸⁸0
614 4959 803 5028 multifidam,
831 4953 909 5032 <l⁰⁰d
963 4969 1052 5028 tiuris
1076 4967 1182 5027 studiis
1199 4963 1395 5045 philosophia
1416 4958 1619 5024 abhorruisse,
1646 4973 1737 5030 quum

146 5041 220 5102 nullo
233 5049 319 5108 modo
332 5047 407 5106 mibi
421 5048 596 5126 persuadere
610 5067 741 5126 possum,
757 5062 909 5105 numerum

147 5145 238 5189 curum
265 5137 315 5215 qui
340 5135 406 5194 datu
432 5154 521 5214 opera
545 5137 576 5194 in
600 5137 772 5214 antiquitate
798 5133 911 5195 indices

216 5219 221 5232 ·
305 5224 311 5237 ·
719 5223 727 5236 .
886 5222 893 5235 .
989 5181 1152 5236 ttihddeudus
1162 5174 1447 5230 euthiciocusiiermippt
1461 5171 1594 5228 irtgmeoiir
1607 5171 1738 5226 inuuunt·

150 5232 271 5279 omnium
292 5224 449 5300 librorum,
462 5242 535 5300 quos
551 5224 596 5281 vel
615 5235 827 5298 conscripserat
842 5223 911 5280 Art-
963 5245 1046 5299 imm,
1059 5244 1117 5290 qm
1131 5236 1465 5300 3m2‚111‚,‚4,00q„q„
