4017 5984
208 430 250 490 40
753 415 999 477 ARISTOTELIS
1023 415 1270 478 FRAGMENTA.

208 575 237 620 et
255 563 438 633 intelligentia
459 561 585 629 oriretur,
604 560 634 608 ι’νι
652 571 706 626 quo
728 557 813 606 etiam
827 552 863 606 de
877 556 982 606 animis
1037 555 1157 625 quinque
1169 553 1314 607 stellarum
1326 553 1406 609 orbes
1414 555 1569 628 conficiunt
1583 575 1666 629 quum
1680 558 1722 612 ad
1736 559 1809 614 idem

207 657 287 722 cujus
298 653 411 722 generis
435 656 525 704 essent
549 652 732 717 quaereretur,
754 642 831 696 Zeno
854 641 888 694 id
908 640 984 694 dirr‘t
1037 643 1158 709 siguum,
1177 639 1371 712 ubiqucudom
1382 637 1597 708 simulfuerunt,
1613 641 1804 714 uuareseruu·

208 758 269 795 pm
283 742 388 811 mem,
1037 738 1098 793 tur;
1125 733 1205 797 cujus
1228 731 1300 782 antri
1316 726 1407 784 hierus
1420 747 1531 782 suntme
1549 741 1594 784 est
1614 732 1804 802 cataclysmus,

119 845 129 860 ·
249 819 282 880 ln
296 821 344 881 his
358 820 449 878 murita
463 831 531 876 sunt
547 815 653 895 partim
676 813 714 872 ab
734 812 899 872 Aristotelis
927 810 981 868 do·
1036 831 1120 888 quum
1130 819 1216 870 nostri
1226 815 1392 870 dilectionem
1401 828 1515 883 uocant,
1528 828 1615 872 oestas
1624 829 1717 872 autem
1727 836 1811 893 copy·

208 910 317 980 urina,
334 907 429 984 qualis
443 915 666 982 repraesentatur
679 900 807 960 inlibris
822 899 874 978 qui
894 897 982 956 hodie
1036 905 1116 972 rosis,
1127 903 1204 975 quod
1212 912 1255 956 est
1263 903 1360 957 mundi
1371 903 1623 971 Incendium511am
1639 902 1685 958 trs
1697 905 1812 961 altu-ms

208 998 354 1072 leguntur,
368 995 474 1064 aliena,
491 992 595 1070 partim
611 991 652 1050 ita
666 989 742 1048 (licto
757 1000 789 1047 ut
803 987 982 1046 manifestum
1037 990 1205 1064 temporibus
1221 991 1339 1045 mundus
1359 1002 1416 1046 tum
1430 996 1609 1066 erignescere
1619 1004 1677 1046 tum
1688 1011 1811 1067 eraque·

208 1085 258 1142 liat
267 1084 437 1142 Ciceronem
450 1099 568 1138 sensum
576 1077 736 1136 verborum
748 1075 914 1135 Aristotelis
924 1094 983 1132 nnn
1036 1097 1112 1133 scere
1124 1080 1247 1136 uidetur.

207 1190 324 1250 semper
347 1168 545 1249 perspexisse,
562 1167 673 1244 quippe
685 1165 736 1242 qui
758 1164 830 1241 quid
849 1163 888 1222 sit
907 1162 984 1241 apud
1078 1163 1271 1222 Censorinum
1287 1163 1317 1222 in
1330 1163 1461 1222 hocloco
1474 1163 1813 1224 nonAristotelisverba

208 1259 285 1320 lmnc
300 1256 447 1337 ἐντελέχεια
461 1255 640 1332 ignoraverit
661 1253 714 1330 (cl.
733 1253 835 1324 Klotz,
852 1251 883 1312 in
906 1271 984 1310 com·
1039 1251 1200 1324 lleteorol.,
1211 1251 1236 1322 l,
1251 1259 1298 1329 tl,
1308 1271 1363 1309 ao:
1381 1250 1493 1312 Πέντων
1508 1251 1608 1311 τούτων
1618 1251 1702 1311 αἴτιον
1714 1255 1812 1326 έτολην

207 1359 296 1406 ment.
319 1346 355 1406 ad
373 1345 392 1405 l.
409 1345 429 1404 l.
454 1344 573 1421 Disput.'
584 1341 706 1402 Tuscul.
727 1339 759 1412 Ι,
778 1343 835 1416 ιο).
853 1342 984 1398 Attamen
1038 1337 1116 1399 πτέον
1129 1337 1171 1398 du
1178 1339 1295 1416 γίγνιται
1304 1337 1347 1397 διὰ
1357 1338 1458 1419 χρόνων
1466 1337 1641 1419 εἱμαρμένον,
1655 1328 1708 1398 οἷον
1721 1343 1747 1398 ἐν
1756 1341 1814 1406 τοῖς

207 1453 297 1510 quum
327 1432 389 1491 sive
405 1431 469 1509 ipse
489 1430 607 1500 Cicero,
629 1429 692 1487 sive
707 1445 780 1505 quos
793 1425 939 1503 sequitur,
952 1437 984 1484 ut
1038 1429 1097 1484 κατ’
1112 1427 1227 1486 litantis
1243 1426 1323 1505 ὥραις
1335 1425 1450 1505 χειμὼν,
1467 1426 1535 1488 οὕτω
1552 1425 1672 1506 περιόδω
1684 1426 1751 1494 τινὸς
1762 1452 1814 1503 με·

206 1519 349 1578 Phaedrus
362 1519 541 1597 Epicureus,
555 1517 614 1575 alio
637 1535 741 1592 genere
756 1513 901 1573 librorum
917 1514 981 1592 ple·
1037 1517 1120 1589 γέλης
1139 1513 1222 1592 μέγας
1234 1512 1335 1595 pispiri
1348 1513 1394 1573 καὶ
1405 1513 1538 1594 hospicii
1555 1514 1674 1594 ὄρθριον,
1693 1516 1745 1574 sed
1770 1517 1808 1574 li-

208 1627 331 1685 rumquc
352 1607 397 1666 usi
411 1625 473 1664 esse
486 1605 625 1664 videntur
639 1623 726 1681 quam
742 1622 816 1680 quos
827 1600 980 1675 habemus,
1038 1602 1107 1664 bros
1132 1603 1169 1660 de
1182 1603 1375 1681 Philosophia
1399 1607 1587 1682 excerpsisse,
1614 1602 1814 1662 demonstrare

208 1696 366 1773 pracsertim
380 1693 593 1769 verodialogis,
606 1693 649 1751 rei
662 1691 982 1768 magisccnsentaneum
1038 1704 1158 1749 conatus
1173 1703 1216 1749 est
1231 1690 1375 1768 Bernays,
1397 1691 1600 1766 Theophrastos
1613 1691 1724 1761 Schrist
1745 1695 1813 1748 rtber

208 1795 280 1860 puto
300 1795 330 1840 et
352 1783 425 1840 hanc
444 1782 479 1840 de
505 1782 608 1859 quinto
634 1782 775 1838 elemento
803 1777 979 1848 doctrinam,
1036 1781 1083 1834 dic
1098 1780 1318 1854 Froemuu'glelt,
1329 1778 1428 1836 Berlin
1446 1779 1571 1856 1866,p.
1591 1799 1655 1851 τρο.

208 1871 292 1948 cujus
306 1870 425 1929 nonnisi
445 1869 569 1929 obscura
589 1867 722 1947 quaedam
741 1866 864 1942 vestigia
884 1867 915 1924 in
939 1886 985 1924 su·
1009 1885 1013 1981 Ι
1350 1910 1385 1966 3¹
1415 1909 1437 1984 (Ι
1465 1908 1491 1988 c)

209 1957 380 2036 perstitibus
405 1957 573 2036 philosophi
595 1957 681 2016 libris
704 1955 907 2021 inueniuntur,
929 1954 982 2028 (cf.
1434 1929 1464 1985 '9
1494 1951 1501 1964 ⁶

209 2046 339 2117 Krische,
349 2047 521 2120 Forsclzung.
531 2045 591 2118 auf
595 2048 658 2102 dem
671 2047 785 2104 Gebr'ete
793 2047 845 2099 der
853 2046 905 2100 alt.
917 2044 986 2100 Plu·-
1083 2047 1126 2125 hd
1145 2050 1270 2107 eundem
1290 2047 1439 2124 dialogum
1456 2047 1578 2106 sortasse
1590 2066 1650 2105 non
1670 2047 1733 2106 sine
1745 2045 1815 2124 jure

209 2135 346 2209 losopiu'e,
368 2155 398 2211 p.
412 2135 498 2210 308),
520 2132 641 2192 uberius
659 2132 690 2190 in
702 2131 819 2206 dialogo
839 2129 875 2186 de
887 2129 985 2188 Philo·
1038 2136 1146 2193 celeras
1167 2134 1247 2213 quod
1271 2135 1404 2211 sequitur
1430 2134 1621 2209 fragmentum
1655 2131 1813 2192 abeodem

208 2221 312 2299 sophia
332 2221 494 2300 expositam
520 2220 608 2278 luisse
632 2217 782 2277 arbitrari.
803 2217 861 2278 Nec
887 2218 984 2276 minus
1038 2221 1205 2297 indagatum
1219 2222 1237 2278 l.
1253 2221 1272 2279 l.
1288 2241 1318 2298 p.
1336 2241 1416 2293 ¹¹7²

211 2311 277 2368 inde
294 2309 413 2368 fortasse
427 2308 560 2367 derivata
579 2320 647 2366 sunt
660 2325 725 2384 quae
743 2305 778 2363 de
796 2305 850 2365 hac
872 2324 903 2363 re
923 2317 979 2364 tam
1077 2307 1219 2386 Synesius
1230 2309 1298 2379 Dio,
1310 2304 1348 2365 ad
1358 2308 1464 2365 calcem
1480 2307 1583 2365 Dionis
1592 2306 1741 2383 Chrysost.
1763 2307 1811 2367 cd.

210 2417 286 2475 saepe
296 2398 474 2473 posteriores
489 2395 629 2467 referunt,
656 2395 733 2453 inter
747 2413 821 2470 quos
834 2394 983 2472 praecipue
1039 2396 1130 2457 llind.
1146 2410 1167 2457 t.
1180 2395 1221 2468 ll,
1245 2415 1275 2473 p.
1293 2395 1363 2466 334,
1379 2396 1397 2452 6
1414 2414 1423 2454 t
1440 2389 1619 2472 Ἀριστοτέλης
1632 2393 1708 2460 σἰξιοῖ·
1727 2420 1740 2444 ι
1755 2392 1814 2459 τοὺς

210 2484 379 2542 nominandi
394 2497 480 2547 erunt
490 2481 617 2542 loannes
626 2480 758 2559 Stobeus
771 2495 798 2539 et
812 2483 863 2559 qui
875 2481 985 2540 Placita
1037 2483 1208 2560 τελουμένους
1223 2485 1253 2540 οὐ
1272 2483 1363 2558 pultis
1379 2503 1404 2538 τι
1418 2480 1471 2538 δεῖν
1494 2479 1678 2553 illicereris,
1695 2479 1814 2551 δηλονότι

209 2570 469 2649 Philosophorum,
486 2569 541 2628 sub
555 2568 704 2629 Plutarchi
723 2569 842 2626 nomine
857 2569 980 2647 perlata,
1037 2570 1191 2648 γινομένους
1202 2569 1363 2641 έττιτηδιέους
1383 2596 1395 2622 s

209 2660 365 2734 congessit,
380 2678 454 2734 quos
474 2676 545 2718 vero
559 2657 712 2716 manifeste
734 2668 857 2728 constat,
874 2657 906 2714 in
922 2657 983 2716 suis
1077 2657 1151 2717 Vide
1165 2672 1261 2717 mmen
1275 2677 1313 2716 ne
1326 2656 1376 2714 hic
1390 2677 1449 2715 non
1461 2657 1497 2714 de
1511 2656 1591 2714 ueris
1606 2655 1766 2732 mysteriis,
1784 2667 1817 2712 ut

209 2746 358 2826 Excerptis
385 2747 444 2808 alio
464 2766 582 2825 quoque
607 2745 673 2806 loco
688 2744 745 2820 (cl.
763 2763 852 2822 supra
875 2743 980 2820 fragm.
1038 2746 1164 2807 [ebech.
1177 2748 1368 2824 Aglaophcm.
1382 2765 1413 2823 p.
1435 2745 1488 2814 145
1499 2757 1530 2802 et
1544 2743 1686 2815 Welcker,
1701 2743 1814 2801 Grr‘ecla.

208 2835 256 2908 ος)
271 2833 400 2911 quaedam
411 2853 427 2892 e
439 2833 556 2908 dialogo
566 2833 602 2891 dc
617 2830 808 2910 Philosophia
817 2830 982 2891 tradidisse.
1040 2837 1223 2907 Gotterlelue,
1239 2848 1260 2896 t.
1283 2833 1323 2905 ll,
1338 2855 1369 2912 p.
1385 2834 1454 2906 536,
1476 2831 1610 2890 arbitrati
1626 2843 1709 2902 sunt,
1724 2830 1816 2889 verba

206 2921 251 2982 Cs.
275 2919 383 2981 Joann.
400 2920 482 2982 Stob.
500 2919 599 2996 Eclog.
622 2918 742 2997 Physic.
757 2917 782 2992 l,
804 2939 860 2989 aa,
876 2939 907 2998 p.
925 2921 981 2987 486
1041 2922 1301 3001 seceritSynesius,
1314 2922 1365 2980 sod
1379 2920 1618 2998 simililoquendi
1632 2937 1736 2994 genere
1745 2938 1816 2977 usus

209 3009 320 3069 lleeren
339 3032 346 3068 ι
370 3006 550 3089 Ἀριστοτέλης
563 3009 667 3086 πρῶτον
690 3006 781 3086 αἰθέρα
796 3009 896 3079 ἀπαθῆ,
917 3006 984 3086 πέρι-
1038 3011 1078 3069 sit
1092 3031 1151 3088 quo
1162 3024 1191 3069 et
1206 3010 1289 3068 multi
1304 3009 1369 3079 ulii,
1386 3011 1464 3068 inter
1478 3028 1554 3085 quos
1568 3007 1695 3066 sufficiat
1720 3006 1814 3063 ιιοιιιί·

208 3119 271 3154 uros
281 3118 308 3152 τι
320 3100 412 3168 σῶμα,
425 3097 483 3172 μεθ’
494 3093 522 3151 ὃν
535 3093 640 3162 παθητὰ
652 3098 719 3172 πῦρ,
731 3091 814 3170 ἀέρα,
830 3091 916 3170 ὕδωρ,
937 3117 982 3152 τε·
1039 3118 1122 3158 nasse
1128 3097 1332 3171 Themistlum,
1340 3099 1423 3158 Orat.
1434 3094 1535 3165 XXVI,
1545 3116 1573 3172 p.
1585 3096 1654 3168 319,
1663 3094 1700 3163 l),
1708 3092 1813 3164 llarcl„

209 3181 331 3242 λιιιτσιέαν
355 3179 381 3240 δέ
403 3185 462 3257 γῆν,
476 3181 528 3258 qui
547 3194 575 3238 et
595 3179 654 3238 alio
675 3181 742 3238 loco
761 3179 791 3250 l,
812 3200 846 3252 ο,
870 3200 900 3258 p.
925 3183 981 3252 64,
1039 3181 1225 3262 Simplicium
1247 3186 1280 3242 in
1300 3183 1388 3242 Arist.
1406 3180 1524 3257 Physic.
1550 3178 1570 3237 f.
1586 3188 1706 3249 arceto,
1722 3175 1812 3236 Joan·

211 3269 365 3327 Aristolem
394 3270 489 3346 ipsum
507 3267 537 3326 τὸ
556 3265 677 3341 πέμπτον
698 3269 777 3344 σῶμα
799 3287 984 3346 nuncupasse
1025 3269 1104 3329 ‘nem
1120 3271 1317 3348 Philoponum
1332 3270 1362 3327 in
1375 3267 1506 3343 Categor.
1525 3286 1555 3344 p.
1572 3268 1622 3336 36,
1639 3265 1672 3337 ll,
1693 3265 1743 3337 38,
1757 3265 1815 3322 lla·

207 3357 374 3428 confirmat,
389 3355 467 3433 quod
481 3373 583 3414 revera
598 3374 740 3432 nusquam
756 3375 773 3414 a
789 3353 980 3433 philosopho,
1040 3358 1104 3420 vid.
1127 3358 1168 3419 ib.
1182 3380 1213 3438 p.
1238 3380 1288 3431 27,
1306 3361 1342 3430 Α,
1360 3377 1409 3429 ao,
1436 3354 1624 3414 Plutarchum
1650 3356 1702 3416 vit.
1724 3353 1808 3414 illex.

205 3444 238 3502 in
251 3443 337 3503 libris
348 3443 465 3521 quidem
477 3443 701 3522 superstitibus,
717 3445 822 3504 sactum
837 3461 900 3501 esse
912 3464 981 3502 con·
1040 3469 1068 3507 c.
1092 3469 1122 3520 ρ,
1142 3447 1179 3506 de
1190 3447 1267 3507 lside
1284 3460 1312 3504 et
1326 3444 1455 3516 Osiride,
1473 3465 1499 3504 c.
1520 3444 1568 3515 18,
1583 3441 1692 3519 quibus
1717 3443 1815 3500 omni·

207 3544 264 3590 stat
276 3531 322 3611 (cf.
334 3530 470 3610 Spengel,
486 3534 529 3588 De
539 3535 693 3588 Aristotelis
705 3535 775 3590 libm
786 3535 891 3598 decium
906 3537 979 3593 Hirr.
1037 3535 1095 3594 bus
1107 3556 1170 3595 mos
1182 3550 1227 3595 est
1243 3535 1401 3594 talibusuti
1416 3533 1517 3592 verbis
1528 3552 1618 3611 quum
1630 3532 1812 3603 interiorem,

210 3625 303 3676 Λαίνα.
321 3633 350 3677 et
369 3626 472 3677 incerto
483 3633 596 3676 auctore
608 3623 628 3679 l.
644 3618 711 3696 Περὶ
721 3619 834 3695 κόσμου.
847 3618 979 3678 Heidelb.
1041 3642 1129 3700 quam
1144 3636 1262 3694 vocant,
1275 3621 1442 3682 Aristotelis
1461 3621 1623 3679 doctrinam
1647 3620 1813 3696 significare

209 3706 296 3777 1843,
321 3705 424 3784 pul).
448 3705 564 3764 Similia
582 3705 690 3764 habent
709 3725 826 3784 quoque
854 3704 984 3766 Pseudo-
1039 3711 1153 3770 uolunt.
1182 3709 1227 3768 Cl.
1250 3723 1344 3770 tanmn
1367 3707 1479 3770 Julian.
1503 3711 1584 3770 Orat.
1604 3705 1671 3781 llll,
1698 3727 1729 3788 p.
1757 3716 1814 3775 llo
1843 3769 1848 3777 ,

208 3793 355 3854 Plutarch.
371 3793 449 3853 Plac.
464 3795 541 3855 Phil.
555 3793 596 3866 ll,
610 3814 625 3866 7
639 3806 667 3852 et
680 3796 792 3854 Atticus
808 3795 885 3872 apud
895 3793 983 3854 Euse-
1041 3797 1138 3860 Petav.

205 3880 286 3939 bium
307 3886 432 3960 Praepar.
449 3881 558 3959 Evang.
576 3881 638 3952 XV,
654 3883 702 3954 38,
717 3903 754 3944 ne
765 3884 802 3941 dc
816 3883 854 3940 iis
868 3883 983 3960 loquar,
1339 3929 1355 3983 3

206 3969 258 4045 qui
281 3969 350 4028 inde
366 3970 490 4048 proiecti
510 3984 590 4042 sunt,
611 3984 643 4030 ut
663 3970 820 4030 absurdam
839 3971 983 4048 quandam
1358 3947 1389 3988 α’
1404 3926 1499 4007 (lod)

205 4055 242 4114 de
256 4059 442 4134 providentia
459 4057 559 4148 divinp
579 4060 747 4136 opinionem
761 4058 913 4118 Aristoteli
929 4061 983 4117 tri·
1080 4059 1191 4118 Julian.
1208 4064 1288 4121 Orat.
1306 4057 1371 4135 Vll,
1396 4080 1426 4138 p.
1444 4069 1502 4128 442
1524 4059 1623 4118 Petav.
1648 4078 1656 4114 ι
1675 4059 1738 4122 tto<
1761 4055 1814 4135 γὰρ

206 4140 340 4214 huercnt,
357 4145 474 4224 rrtapud
485 4145 628 4205 Clement.
645 4147 727 4207 Alex.
742 4146 878 4206 Stromat.
888 4145 923 4218 V,
938 4155 983 4218 ul,
1039 4149 1086 4206 οὐκ
1100 4146 1209 4224 ἔμελλεν
1229 4152 1244 4207 ὁ
1257 4151 1309 4206 τῶν
1323 4151 1389 4207 θεῶν
1404 4147 1502 4208 clusura
1516 4149 1551 4213 sle
1567 4143 1718 4219 Ὀλυμπίαν
1735 4143 1815 4221 βαδί-

207 4249 237 4308 p.
254 4233 310 4290 252
327 4233 421 4308 sylb,
440 4234 590 4315 Hippolyt.
606 4233 701 4294 llelut.
715 4255 795 4296 orno.
809 4235 913 4296 haeres.
932 4234 982 4307 lV,
1044 4237 1106 4307 ζων,
1130 4238 1145 4293 ὁ
1169 4240 1207 4314 τῷ
1224 4235 1315 4315 Πυθίῳ
1335 4236 1450 4304 πεισθεὶς
1465 4234 1510 4294 καλ
1530 4232 1708 4315 ριλοσορῆσας
1722 4229 1814 4310 ὥσπερ

210 4337 256 4393 19,
270 4339 300 4397 p.
318 4321 374 4380 352
393 4323 535 4394 Dunlrer„
550 4323 680 4400 aliosque
695 4323 800 4380 lactum
815 4335 868 4382 est.
1040 4322 1185 4403 Σωκράτης
1200 4322 1324 4402 ὕστερον,
1340 4328 1375 4390 ὡς
1389 4321 1576 4404 Ἀριστοτέλης·
1602 4321 1666 4400 ρησὶ
1691 4318 1743 4399 γὰρ
1767 4320 1813 4379 καὶ

524 4456 573 4515 ³⁰·
593 4453 686 4532 rusb.)
1037 4401 1814 4582 thillllhsslltfl‘llhllltlfll

1069 4555 1075 4576 ι
1417 4545 1428 4558 ”’
1461 4541 1469 4568 l

248 4585 424 4646 Censorinus
436 4587 477 4644 lte
486 4585 534 4645 die
543 4587 642 4658 natali,
659 4588 703 4658 rt,
720 4606 751 4643 11
768 4589 983 4663 :Estproetetea
1038 4590 1137 4668 σιτάριον
1151 4585 1224 4662 ulcu,
1236 4588 1281 4647 καλ
1304 4588 1377 4665 μέλα
1392 4586 1512 4665 ἀσμένως
1521 4588 1544 4644 tl
1559 4585 1597 4663 ph
1611 4590 1687 4644 τοῦτο
1700 4583 1812 4654 έξέιιλινι

209 4693 309 4747 anuas,
326 4694 407 4748 quem
428 4677 591 4732 Aristoteles
614 4681 769 4732 niaximum
788 4681 982 4752 potiusquam
1037 4675 1067 4733 τὸ
1080 4677 1212 4735 ὑποθεῖναι
1222 4665 1308 4751 sipoto
1319 4674 1411 4734 lautis
1424 4674 1469 4733 καὶ
1484 4676 1575 4734 δοῦλον
1589 4675 1722 4752 σἰτιορῆναι
1735 4671 1813 4730 πολι·

208 4779 341 4837 maguum
346 4765 481 4838 appellat,
493 4783 574 4838 quem
583 4767 650 4819 solis
659 4775 688 4820 et
698 4765 774 4818 Irruoe
786 4783 981 4840 nugarumque
1038 4762 1117 4829 τείας.
1133 4760 1212 4822 Ἀλλὰ
1225 4762 1269 4823 dii
1281 4763 1308 4821 τέ
1316 4761 1353 4839 μὴ
1368 4760 1466 4834 ταύτην
1480 4752 1537 4820 εἴστι
1548 4760 1596 4833 τὴν
1606 4758 1703 4833 αἰτίαν,
1718 4761 1748 4818 ix
1756 4761 1811 4817 τῶν

578 4985 615 5031 ³1.
1407 4983 1446 5029 ³2.

241 5091 379 5142 Aristoteles
391 5089 496 5156 postulat
511 5092 538 5141 ut
551 5089 592 5154 qui
608 5087 863 5154 mysteriislnitiantur
884 5087 983 5138 nondi-
1010 5130 1014 5156 ἑ
1069 5093 1208 5143 Admotum
1226 5091 1319 5143 olcuhm
1339 5089 1497 5143 dommum
1517 5105 1544 5142 se
1566 5090 1629 5156 apud
1657 5103 1684 5139 ss
1702 5089 1814 5154 Pythian

209 5183 279 5231 stant
288 5181 389 5246 aliquid,
405 5181 537 5244 sedaliouo
548 5180 620 5231 modo
629 5178 764 5230 afficiantur
779 5180 804 5230 el
819 5177 984 5242 disponantur,
1040 5179 1128 5230 hahere
1146 5192 1162 5229 a
1183 5193 1231 5243 quo
1247 5178 1278 5229 ad
1301 5177 1475 5244 philosophiam
1506 5176 1678 5244 σαρισσοοιλαιιι
1703 5176 1815 5228 incitatus

209 5267 422 5332 mmlrumutapti
435 5267 572 5320 reddantur.
1038 5263 1130 5314 trimi.
1232 5285 1235 5292 ·
