4017 5984
709 488 855 550 linuit
876 490 1127 556 communiuit

440 642 457 679 a
478 620 583 699 (152).

142 755 145 761 ¹
166 769 266 827 Cicero
279 766 396 837 Brutus,
410 787 435 825 c.
453 786 500 839 sa,
514 767 580 843 §46
593 786 601 826 ε
614 771 716 843 Itaque
725 775 767 825 ait
780 768 902 829 lauro-

127 875 229 927 rsuss,
254 877 338 931 quum
362 858 482 912 sublatis
504 860 535 911 in
561 858 660 911 Sicilia
683 864 825 930 tyrannis,
859 880 903 915 res

123 951 241 1020 privatae
256 947 338 1020 longo
352 945 616 1016 interuallojsulicr'is
628 956 832 1019 repeterentur,
844 960 901 1002 tum

123 1041 258 1108 primum,
273 1034 348 1108 quod
358 1044 430 1089 esset
443 1045 528 1087 acuta
541 1031 595 1090 illa
606 1052 676 1109 gens
686 1046 716 1087 et
728 1046 902 1090 controversa

126 1136 228 1178 natura
242 1122 304 1198 (ita
315 1118 401 1180 codd.
414 1116 531 1177 Jaoohs.
544 1118 615 1178 satis
625 1118 820 1196 probabiliter
832 1141 899 1179 con·

123 1210 196 1288 jecit
212 1231 219 1266 ι
233 1213 418 1265 controuersiis
431 1207 537 1285 nata),
554 1221 643 1263 artem
655 1220 682 1263 et
695 1222 842 1284 prraecepta
854 1212 901 1267 Si·

125 1304 199 1355 culus
212 1301 345 1357 Coracem
353 1309 383 1352 et
397 1299 502 1353 Tisiam
509 1302 713 1372 conscripsisse.
724 1301 800 1354 lt'am
815 1313 900 1357 antea

124 1393 261 1444 neminem
274 1388 385 1443 solitum
400 1391 452 1441 nia
472 1403 524 1443 nec
538 1399 613 1455 arte,
638 1388 691 1442 sed
704 1400 835 1443 accurate
853 1401 900 1443 ta-

125 1494 188 1530 men
209 1487 239 1530 et
255 1476 291 1529 de
307 1478 410 1547 scripto
425 1476 577 1550 plerosque
597 1476 705 1548 dicere,
728 1472 906 1550 scriptasque

122 1559 211 1627 fuisse
228 1574 257 1617 et
271 1573 392 1635 paoem
409 1581 430 1616 a
454 1564 609 1635 Protagora
636 1581 728 1617 rerum
750 1564 900 1618 illrutrium

124 1651 344 1725 disputationes,
362 1670 427 1725 quar
445 1669 519 1705 nunc
541 1669 699 1707 communes
720 1653 902 1725 appellantur

128 1740 181 1793 loci
200 1740 297 1813 :quod
310 1740 383 1793 idem
392 1735 503 1809 fecisse
517 1739 660 1812 Gorgiam,
671 1757 756 1812 quum
770 1740 900 1813 singula-

125 1846 185 1881 rum
203 1846 295 1883 rcrum
317 1828 415 1883 laudes
433 1832 709 1901 vituperationesque
727 1831 900 1900 consempsis·

123 1927 180 1985 set,
192 1918 271 1990 quod
277 1916 422 1988 judicaret
431 1914 484 1969 lroc
494 1919 614 1969 oratoris
626 1934 686 1970 esse
699 1919 824 1970 manime
834 1932 900 1988 pro-

119 2010 215 2078 prium
227 2023 286 2059 rem
299 2021 404 2076 augere
410 2020 493 2077 porse
506 2004 649 2059 laridando
662 2004 903 2077 vituperandoque

122 2111 218 2147 rursus
231 2088 384 2167 affligere:
399 2091 466 2145 liuic
481 2090 681 2165 Antiphontem
698 2090 901 2147 Rhamnusium

121 2182 226 2235 similia
239 2180 369 2255 quadarn
379 2179 507 2235 habuisse
519 2184 687 2254 conscripta,
696 2197 750 2253 quo
762 2184 901 2234 nerninem

122 2288 243 2343 unquam
267 2270 368 2323 melius
388 2270 477 2322 ullum
495 2272 614 2324 oravisse
638 2274 742 2343 capitis
764 2284 895 2336 causam,

121 2376 205 2429 quum
233 2374 264 2416 sc
289 2363 349 2432 ipse
373 2353 552 2429 defenderet,
572 2375 602 2411 se
622 2358 756 2411 audiente
779 2358 902 2430 locuples

120 2457 218 2501 auctor
238 2450 349 2521 scripsit
372 2444 549 2515 Thucydides
575 2463 665 2501 :nam
681 2446 796 2518 Lysiam
809 2450 901 2518 primo

118 2525 245 2597 profiteri
263 2528 371 2581 solitum
385 2535 474 2579 artem
488 2542 547 2579 esse
561 2524 690 2593 dicendi,
706 2526 807 2579 deinde
824 2526 903 2597 quod

126 2612 283 2667 Theodorus
306 2625 377 2669 esset
395 2618 425 2667 in
441 2625 503 2667 arte
518 2614 650 2678 subtilior,
674 2620 704 2667 in
731 2614 901 2668 orationibus·

121 2705 350 2771 autenrjejrmior‚
365 2704 501 2755 orationes
509 2718 571 2754 eum
576 2700 695 2754 scribere
702 2701 765 2754 aliis·
770 2705 893 2775 caepisse,

120 2800 209 2844 artem
220 2794 363 2845 removisse
376 2808 386 2843 .·
397 2790 528 2843 similiter
538 2791 693 2843 Isocratem
702 2794 794 2861 primo
806 2802 895 2843 artem

120 2878 234 2936 dicendi
247 2897 305 2933 esse
315 2883 470 2950 negavisse,
482 2878 600 2933 scribere
608 2890 701 2933 autern
713 2880 780 2932 aliis
788 2880 898 2933 solitum

120 2972 260 3023 orationes
272 2965 373 3041 quibus
387 2967 538 3036 injudicio·
549 2977 692 3021 uterentur
707 2986 716 3020 .·
731 2968 792 3035 scd,
812 2986 897 3041 quum

120 3072 159 3107 es·
170 3074 217 3125 eo,
232 3058 299 3130 quia
311 3058 392 3129 quasi
402 3058 587 3111 committerer
596 3066 692 3109 contra
709 3056 815 3129 legem,
839 3074 893 3127 quo

120 3148 182 3216 quis
196 3146 309 3215 judicio
330 3146 586 3211 circurrrscniretur,
606 3160 685 3217 slepe
704 3147 763 3217 ipse
781 3148 810 3198 in
820 3145 899 3213 judi·

120 3236 191 3285 cium
209 3244 368 3301 vocaretur,
389 3236 530 3287 orationes
541 3232 610 3287 aliis
630 3232 764 3285 destitisse
781 3232 901 3287 scribere

120 3330 261 3394 totumque
281 3340 312 3375 se
333 3321 375 3375 au
392 3331 468 3375 artes
488 3320 694 3393 componendas
713 3324 897 3379 transtulisse.

118 3408 156 3461 Et
175 3410 292 3464 Groecioe
305 3409 416 3483 quidem
430 3419 569 3463 oratorum
583 3419 684 3481 partus
705 3420 789 3483 atque
799 3406 900 3478 fontes

120 3498 203 3554 siries.

159 3581 205 3641 Ci.
216 3582 341 3651 Quintil.
362 3580 432 3641 lnst.
447 3595 521 3641 orat.
538 3580 593 3655 iii,
613 3602 640 3656 1,
655 3584 671 3639 8
686 3601 766 3659 sqq,
791 3581 896 3639 Cicero

120 3672 201 3731 Orat.
217 3691 242 3729 c.
260 3692 295 3727 ια
316 3684 345 3727 et
358 3670 407 3741 52,
423 3669 475 3727 ubi
492 3668 725 3747 Theophrastum
751 3671 896 3746 sequitur.

446 3809 462 3863 3
485 3808 574 3886 (153).

161 3942 306 4018 Diogenes
318 3938 413 3997 Laert.
426 3938 481 4010 ΙΙΙ,
501 3948 554 4007 sol
566 3960 573 3994 ε
583 3938 715 4017 θεάδωροι
725 3937 752 3996 δὲ
762 3939 897 4016 γεγόνασιν

300 4138 342 4189 w.
362 4138 480 4187 insidii
498 4136 717 4186 consenuisti.

495 4254 519 4301 3.

152 4344 257 4392 Fuerunt
280 4343 361 4391 autern
377 4338 497 4392 Theodori
518 4338 602 4402 viginti
604 4374 651 4389 .....
667 4350 747 4389 nonus
769 4337 898 4401 bysantius

120 4432 146 4480 in
157 4428 228 4480 rebus
239 4428 348 4480 civilibus
360 4428 440 4479 clarus
452 4447 460 4479 ι
473 4426 582 4478 desimus
594 4426 714 4488 similiter,
725 4426 796 4487 cujus
806 4426 896 4475 Aristo·

119 4520 180 4570 teies
189 4520 213 4569 in
230 4518 340 4582 lipitome
350 4519 474 4569 oratorum
488 4516 633 4566 mentnnnn
647 4514 711 4565 iacit.

496 4610 520 4654 5.

150 4697 227 4745 ilemo
240 4696 321 4745 autem
341 4706 382 4744 me
392 4692 452 4744 iilud
466 4692 577 4756 ignorare
593 4693 675 4755 putet,
686 4690 725 4740 rel
740 4688 805 4752 quod
814 4689 897 4751 spba-

118 4798 190 4849 reus,
207 4784 330 4849 privignus
340 4786 365 4835 st
381 4795 425 4848 per
435 4781 587 4844 adoptionem
601 4780 662 4831 tilius
671 4780 796 4839 bmnss.
809 4778 834 4828 ln
843 4790 898 4827 ora·

117 4874 184 4925 tione
201 4872 233 4924 de
247 4872 357 4924 insidosi
372 4874 457 4923 eontra
475 4869 631 4935 liegadidern
651 4866 785 4930 contudit,
804 4864 899 4916 arritum

116 4965 285 5027 argumentum
300 4962 395 5011 lorease
410 4972 425 5011 a
443 4962 511 5023 patre
525 4958 641 5023 stdpinm
651 4968 706 5007 esse
720 4974 727 5008 z
746 4968 826 5019 neque
839 4953 899 5004 iilud

114 5052 204 5116 uiam,
222 5049 288 5114 qnod
306 5048 432 5099 [εεοίσυΙοε
448 5046 581 5112 pernultm
595 5044 743 5107 iudicialium
760 5042 897 5093 orationum

116 5139 230 5190 isocratis
249 5136 395 5188 σὶεοοιοιεπί
414 5134 473 5187 dicit
492 5146 507 5185 a
523 5134 657 5199 bibliopolis
677 5132 824 5184 lrbtoteles.
847 5130 898 5180 Etsi

114 5227 180 5277 erun
193 5224 249 5277 bec
261 5224 293 5275 ab
310 5224 357 5276 iliis
371 5224 430 5276 rirls
443 5224 492 5275 diei
503 5223 567 5289 selo,
585 5226 668 5275 unet
680 5234 759 5287 neque
775 5218 897 5270 Aristoteli

113 5315 202 5379 credo,
218 5315 261 5379 qui
269 5314 326 5366 bule
337 5313 400 5365 altro
410 5311 533 5365 sordident
543 5310 663 5365 narniam
674 5311 818 5376 adspergere
828 5309 893 5369 suit,

1673 506 1729 569 iis

928 640 934 695 ι
957 624 1074 687 εἴκοσι...
1091 628 1179 694 ἔνατος
1194 630 1344 701 Βυζάντιος,
1359 628 1412 689 ἀπὸ
1421 630 1505 711 λόγιον
1516 633 1672 695 πολιτικῶν·
1684 638 1733 697 δά-

957 734 1036 779 κατος
1050 712 1153 789 ὁμοίως,
1168 705 1197 773 oh
1210 712 1449 795 Ἀριστοτέλης
1462 719 1620 797 μνημονεύει
1631 723 1674 781 διὰ
1689 728 1735 797 τῆς

956 800 1104 878 Ἐπιτομῆς
1121 804 1172 860 τῶν
1188 802 1314 883 ῥητόρων.

1279 964 1295 1024 ι
1320 954 1410 1034 (154)-

997 1113 1276 1184 Quintilianuslnst.
1290 1118 1342 1195 lli,
1361 1142 1387 1196 1,
1402 1121 1418 1196 S
1436 1122 1469 1179 13
1488 1142 1495 1179 ε
1512 1128 1566 1179 His
1583 1145 1734 1185 successere

955 1206 1048 1275 inulti,
1054 1208 1106 1261 sed
1114 1208 1285 1263 clarissimus
1293 1210 1405 1281 Gorgias
1412 1212 1568 1267 auditorum
1578 1216 1716 1270 Isocrates·
1721 1237 1733 1284 ,·

954 1312 1115 1368 quanquam
1128 1296 1164 1351 dc
1174 1310 1349 1371 praeceptore
1368 1300 1431 1367 ejus
1448 1305 1520 1355 inter
1535 1313 1659 1357 auctores
1680 1324 1735 1359 non

954 1388 1085 1437 convenit
1100 1402 1109 1436 .·
1123 1402 1173 1439 nus
1185 1396 1277 1441 autem
1288 1387 1464 1441 Amsrornu
1482 1390 1626 1445 credimus.

1281 1535 1298 1592 5
1321 1535 1412 1615 (σε).

995 1681 1155 1759 Dionysius
1184 1683 1277 1744 Halic.
1298 1684 1342 1743 De
1362 1685 1489 1763 antiquis
1510 1687 1592 1749 niet.
1621 1712 1649 1769 p.
1677 1694 1735 1767 576

956 1769 1061 1830 Reiske
1081 1792 1088 1828 ε
1105 1770 1205 1842 Μηδεὶς
1223 1772 1247 1829 δ’
1265 1775 1366 1848 ἀγνοεῖν
1380 1774 1502 1855 ὑπολάὸη
1518 1775 1581 1854 μηδ’
1594 1778 1633 1837 ὅτι
1649 1778 1735 1861 ,Ἀφα-
1795 1830 1799 1841 ,

956 1856 1039 1938 ρεὺςδ
1056 1857 1179 1937 πρόγονός
1190 1858 1274 1918 τεκαὶ
1288 1860 1434 1935 εἰσποίητος
1447 1862 1591 1945 Ἰσοκράτει
1601 1867 1736 1947 γενόμενος

956 1950 983 2007 ἰν
998 1950 1037 2029 τῷ
1052 1947 1115 2027 πρὸς
1128 1948 1313 2026 Μεγακλείδην
1337 1950 1397 2031 περὶ
1419 1956 1466 2023 τῆς
1487 1952 1653 2023 Ἀντιδόσεως
1667 1958 1736 2039 λόγῳ

955 2037 1096 2118 διορίζεται
1123 2038 1256 2117 μηδεμίαν
1271 2036 1321 2095 ὑπὸ
1335 2043 1379 2097 τοῦ
1399 2038 1498 2120 πατρὸς
1512 2042 1632 2103 ὑπόθεσιν
1647 2047 1682 2111 εἷς
1698 2050 1735 2105 δι·

956 2124 1101 2204 ascriptos
1117 2126 1272 2207 γεγράφθαι,
1297 2126 1358 2199 μηδ’
1383 2125 1423 2186 ὅτι
1444 2127 1541 2205 δέσμας
1556 2130 1626 2190 πάνυ
1637 2134 1736 2199 πολλάς

957 2214 1098 2273 δικανικῶν
1105 2212 1189 2292 λόγων
1205 2214 1387 2293 Ἰσοκρατείων
1398 2216 1581 2297 περιφέρεσθαί
1593 2242 1671 2297 φησιν
1686 2222 1737 2282 ὑπὸ

955 2305 1007 2361 τῶν
1024 2302 1207 2382 §intimuit-‘n
1233 2302 1485 2380 Ἀριστοτέλης·
1513 2306 1660 2383 ἐπίσταμαι
1685 2309 1736 2391 γὰρ

954 2395 1039 2449 ταῦτα
1062 2391 1113 2451 ὑπὸ
1139 2396 1191 2451 τῶν
1212 2394 1313 2474 ἀνδρῶν
1328 2391 1433 2451 ἐκείνων
1454 2392 1583 2471 λεγόμενα
1608 2396 1654 2455 καὶ
1682 2396 1735 2456 οὔτ’

954 2481 1126 2560 Ἀριστοτελει
1137 2481 1261 2559 πείθομαι
1271 2480 1404 2562 ῥυπαίνειν
1418 2482 1461 2541 τὸν
1474 2483 1556 2563 ἄνδρα
1568 2488 1732 2570 βουλομένῳ,

954 2568 1008 2627 οὔτ’
1021 2568 1129 2651 Ἀφαρεῖ
1142 2569 1233 2629 τούτου
1248 2573 1274 2651 γ’
1296 2570 1373 2629 ἕνεκα
1388 2569 1464 2649 λόγον
1486 2572 1604 2652 εὐπρεπῆ
1621 2575 1735 2637 πλαττο-

954 2657 1025 2741 μένῳ
1051 2658 1213 2734 συντίθεμαι.
1233 2656 1336 2717 Ἱκανὸν
1356 2656 1384 2716 δὲ
1407 2659 1574 2736 ἡγησάμενος
1599 2652 1665 2720 εἶναι
1688 2670 1736 2736 τῆς

954 2745 1079 2815 ἀληθείας
1103 2744 1251 2824 priusnos-ir
1266 2745 1309 2804 τὸν
1331 2743 1465 2815 Ἀθηναῖον
1485 2747 1691 2828 Κηφισόδωρον,
1707 2746 1735 2815 ὃς

953 2835 999 2893 καὶ
1012 2833 1168 2893 συνεὸίωσεν
1184 2833 1342 2912 Ἰσοκράτει,
1357 2831 1403 2891 καὶ
1417 2832 1594 2909 γνησιώτατος
1607 2834 1736 2906 ἀκουστὴς

954 2920 1113 3000 ἐγένετοκαὶ
1125 2922 1172 2993 τὴν
1187 2920 1329 2999 άπολογάαν
1336 2919 1384 2990 τὴν
1394 2918 1462 2977 πάνυ
1475 2921 1629 2999 θαυμαστὴν
1641 2926 1667 2981 ἐν
1677 2930 1736 2989 ταῖς

954 3009 1019 3087 πρὸς
1044 3008 1223 3087 Ἀριστοτέλην
1246 3008 1417 3089 ἀντιγραφαῖς
1440 3008 1597 3089 ἐποιήσατο,
1618 3009 1735 3071 πιστεύω

953 3098 1100 3179 γεγράφθαι
1110 3097 1202 3176 λόγους
1214 3100 1284 3165 τινάς
1297 3096 1347 3155 ὑπὸ
1357 3104 1402 3157 τοῦ
1415 3096 1508 3175 ἀνδρὸς
1519 3099 1555 3165 εἰς
1569 3099 1734 3178 δικαστήρια,

953 3186 1084 3264 οὐμάντοι
1094 3187 1216 3255 πολλούς.
1641 3264 1645 3269 Υ

994 3278 1039 3335 De
1053 3276 1245 3354 Cephisodoti
1261 3275 1338 3335 libro
1361 3274 1399 3332 cf.
1412 3274 1529 3346 Molles,
1545 3274 1659 3350 Fragm.
1682 3276 1731 3333 lii-

953 3378 1025 3425 stor.
1040 3378 1061 3424 t.
1078 3363 1119 3437 il,
1133 3384 1162 3443 p.
1175 3364 1222 3425 85.
1241 3364 1285 3423 lu
1300 3363 1448 3438 dialogum
1468 3360 1605 3439 Gryllum
1624 3363 1735 3421 inscri-

955 3467 1036 3532 ptum
1057 3453 1112 3511 hoc
1137 3466 1165 3511 et
1186 3451 1353 3532 praecedens
1375 3453 1566 3527 fragmentum
1581 3472 1641 3511 non
1661 3453 1735 3511 male

955 3543 1076 3601 fortasse
1103 3543 1250 3620 periinere
1273 3539 1434 3603 arbitratus
1459 3554 1503 3599 est
1525 3541 1671 3619 Bernays,
1689 3546 1735 3599 ilie

952 3637 1028 3691 Dial.
1039 3636 1089 3689 des
1102 3637 1187 3689 Arist.
1198 3653 1229 3708 p.
1249 3630 1316 3703 157.

1283 3791 1301 3847 6
1318 3788 1408 3869 (157).

996 3940 1093 3997 huon.
1107 3950 1207 3995 auctor
1216 3936 1334 4012 Proleg.
1348 3938 1378 3993 in
1387 3934 1455 3993 vita
1464 3934 1583 3995 lsocrat.
1594 3938 1626 3992 in
1634 3934 1731 3993 Schol.

954 4118 1033 4170 neque
1047 4110 1172 4169 propterea
1184 4106 1266 4155 temen
1277 4101 1386 4166 Aphareo
1400 4101 1525 4152 honestam
1536 4102 1670 4153 orationem
1687 4102 1732 4151 lin·

953 4194 1019 4259 genti
1031 4193 1168 4244 enasor:
1189 4190 1231 4243 sed
1247 4192 1360 4243 idoneum
1374 4190 1481 4241 vellatis
1493 4190 1677 4256 approbatorem
1693 4204 1732 4239 ra-

952 4283 993 4332 tus
1011 4278 1202 4344 cephisodorum
1216 4279 1400 4337 Atheniensem.
1411 4278 1452 4341 qni
1468 4279 1494 4328 et
1511 4276 1658 4328 lamiliariler
1678 4289 1733 4326 eum

951 4371 1059 4420 Isocrate
1070 4368 1143 4432 vixit,
1157 4371 1181 4419 et
1200 4366 1294 4417 auditor
1306 4364 1358 4427 eius
1374 4364 1479 4415 maxime
1490 4378 1618 4428 germanus
1636 4364 1694 4425 luit,
1709 4367 1734 4414 et

951 4456 1107 4522 praeceptoris
1115 4456 1230 4507 adsersus
1240 4453 1373 4504 Aristotelis
1385 4452 1733 4504 remissionereiissione

953 4547 1018 4595 illam
1041 4558 1140 4609 prorsus
1160 4541 1323 4593 admirabilem
1345 4542 1452 4605 scripsit,
1476 4541 1549 4592 credo
1567 4542 1646 4591 rimm
1668 4540 1732 4591 hune

953 4632 1078 4696 scripsisse
1092 4630 1219 4683 nonnullas
1234 4630 1366 4691 orationes,
1380 4642 1434 4692 qun
1447 4628 1471 4679 in
1481 4628 1578 4691 judiciis
1587 4628 1731 4690 dicerentur,

952 4735 1001 4772 uon
1014 4720 1103 4771 multas
1115 4722 1204 4771 umen.

984 5040 1101 5090 isocrates
1122 5036 1209 5087 dicitur
1231 5038 1255 5085 et
1280 5038 1357 5085 artem
1380 5032 1523 5085 rhetoricam
1546 5028 1729 5093 conscripsisse,

951 5142 1006 5180 eam
1024 5140 1081 5177 sero
1099 5128 1207 5189 tempore
1224 5122 1331 5187 periisse.
1345 5124 1444 5179 Quaeret
1460 5119 1545 5181 aliquis
1559 5116 1621 5167 unde
1632 5130 1683 5167 rem
1703 5129 1731 5167 se

951 5218 988 5269 sie
1008 5216 1098 5267 babere
1113 5214 1300 5265 demonstretur.
1314 5210 1423 5261 Dicimus
1436 5206 1588 5259 Aristotelem
1600 5206 1641 5271 qui
1663 5208 1729 5259 artes

951 5304 1083 5359 rhetoricas
1094 5302 1194 5355 eontulit
1211 5303 1236 5352 et
1251 5298 1323 5362 buius
1334 5297 1479 5349 mentonem
1494 5294 1588 5347 lesisse
