4017 5984
882 421 1051 482 btntool.
1727 430 1765 489 m

163 553 225 612 sius
234 549 337 630 δίοεγ’;
351 550 429 612 αὐτὸν
443 553 465 612 l.
478 572 527 625 at,
540 572 596 630 pro
611 553 690 610 αὐτοῦ
705 565 736 610 ut
750 553 780 612 in
793 553 878 614 codd.
892 569 935 614 est
992 553 1100 634 γίνηται
1121 561 1236 623 τοιοῦτος
1255 546 1292 623 εἷς
1310 579 1349 626 τις
1363 561 1390 617 ἀν
1404 559 1443 638 τῷ
1456 556 1524 636 γάνει
1546 558 1591 618 καὶ
1604 558 1673 617 uiro
1688 583 1770 619 σπου-

163 640 326 712 Gesuerus,
338 638 358 698 l.
371 639 427 714 οὐ,
440 637 525 717 λίγειν
535 640 567 698 in
584 637 695 718 λε’γιιςε
713 638 835 699 Cobetio
846 654 937 700 muta-
992 642 1064 710 δαῖος
1076 640 1140 703 ὥστ’
1153 641 1225 722 ὅχειν
1236 642 1266 702 τὸ
1276 642 1324 704 ἀπ’
1338 643 1436 705 tutuo
1449 644 1546 723 ἀγαθὸν
1558 643 1766 724 notuimus..

164 741 224 786 tum
234 730 385 804 Mnemon,
399 739 420 788 t.
429 725 481 798 lx,
493 745 524 806 p.
539 733 603 793 rio.
612 725 705 784 Paulo
715 738 846 805 postpro
856 727 937 786 ἐνίοτε
990 734 1067 788 τοῦτο
1091 731 1232 790 σπουδαῖον
1247 731 1349 808 ἀνάγκη
1370 723 1436 792 εἶναι
1450 731 1481 792 ri
1494 731 1577 812 γάνος.
1603 735 1702 795 Πολλοί
1716 733 1768 810 γάρ

164 828 195 874 ut
216 817 247 874 iu
267 814 354 876 codd.
381 813 479 886 δήποτε
500 814 592 874 Halm.
607 813 626 872 l.
649 813 670 873 l.
693 812 797 873 Rosius
817 813 935 884 αὐνίττει.
991 815 1094 878 ἔσονται
1118 819 1255 878 σπουδαῖοι
1279 818 1425 900 ἅνθρωποι,
1446 820 1478 879 ὅν
1498 843 1526 880 τε
1547 821 1690 902 ἀνθρώπων
1706 814 1724 902 ᾖ
1739 825 1769 880 τὸ

164 905 242 963 idem
255 915 322 982 post
335 901 479 978 σπεπτίον,
494 921 550 980 pro
568 902 590 960 δ’
605 901 684 979 quod
706 901 738 961 in
752 900 836 961 codd.
852 913 895 958 est
904 901 937 972 δὴ
991 903 1072 982 γένος,
1087 906 1119 966 tis
1133 931 1162 967 τε
1175 905 1273 978 ἵππων,
1287 905 1373 966 ἵπποι·
1388 906 1484 986 ὁμοίως
1497 907 1525 966 di
1539 908 1584 968 καθ
1598 909 1641 967 ἀπὶ
1658 913 1709 968 τῶν
1721 911 1769 968 είλ-

162 991 250 1050 dedit.
263 986 575 1069 Ἔρηςνεεορεοὲρην
590 987 754 1046 emendatio
767 985 937 1047 estLuzueii
990 995 1045 1053 λων
1068 993 1154 1074 ζῴων.
1173 994 1253 1055 Ὅτι·
1278 995 1391 1074 εὐλόγως
1414 997 1464 1075 οὐχ
1488 997 1511 1054 οἱ
1534 995 1654 1057 πλούσιοι
1675 997 1730 1056 οὐδ’
1744 1001 1768 1057 οἱ

163 1077 193 1136 in
207 1083 294 1138 lectt.
310 1083 366 1135 All.
384 1097 414 1156 p.
431 1078 479 1153 89.

491 1239 520 1298 3.
544 1235 617 1315 (ὅτ.)

201 1392 305 1453 Joann.
323 1393 401 1452 stol».
412 1392 526 1468 llorit„
539 1395 588 1464 88,
605 1393 638 1449 13
655 1415 662 1447 ι
675 1391 725 1450 'lix
733 1396 779 1450 τοῦ
793 1390 938 1470 Ἀριστοτί-

161 1485 220 1550 λους
234 1481 293 1559 περὶ
306 1479 454 1557 Εὐγενείας.
473 1482 593 1560 ψανερύν
614 1479 710 1552 τοίνυν,
722 1481 785 1559 ἔρην
802 1478 864 1556 ἐγώ,
878 1481 937 1558 περὶ

161 1561 197 1628 ὧν
220 1571 304 1627 πάλαι
331 1566 547 1646 θιηπορησάμην,
571 1567 614 1626 driu
636 1567 662 1626 ri
691 1589 755 1626 ποτε
771 1569 795 1626 οἱ
812 1570 842 1626 ἐκ
855 1567 938 1627 πάλαι

162 1657 293 1716 πλουσίων
307 1655 325 1727 ἢ
337 1659 361 1714 oi
377 1653 407 1714 ίκ
429 1657 512 1713 πάλαι
532 1654 679 1722 σπουδαίων
704 1654 878 1734 εὐγενέστεροι
896 1656 937 1714 ὅο·

162 1753 249 1805 κοῦσιν
268 1736 334 1804 εἶναι
353 1745 454 1820 μᾶλλον
472 1748 524 1802 τῶν
548 1743 671 1819 σύνεγγυς
686 1743 788 1820 τάγαθά
805 1743 938 1818 κεκτημί-

161 1857 222 1892 νων.
247 1831 332 1898 Αὐτὸς
355 1830 406 1911 γάρ
424 1830 560 1910 ὐγγύτερος
580 1833 719 1896 σπουδαῖος
732 1827 769 1887 ύιν
789 1829 807 1902 ἢ
828 1831 938 1890 πάππου

162 1921 304 1980 σπουδαίου
320 1917 480 1997 τετυχηκὼς,
506 1916 569 1976 ὥστ’
584 1916 624 1990 sir,
643 1917 675 1976 θν
698 1917 801 1996 εὐγενὴς
815 1921 829 1976 δ
845 1921 939 1997 ἀγαθὸς

161 2009 240 2089 ἀνήρ.
260 2009 312 2068 Καί
335 2029 401 2074 τινες
421 2007 559 2088 ιῖρήκασιγ
571 2005 651 2073 ούτως
678 2009 708 2066 ἐκ
729 2011 775 2066 τοῦ
797 2007 938 2085 διελέγχειν

161 2098 380 2179 προσποιούμενοι
416 2097 461 2156 τὀν
496 2097 669 2177 συλλογισμὸν
708 2100 755 2169 τῆς
790 2095 935 2174 εὐγενείας,

161 2187 251 2267 ὥσπερ
263 2188 328 2268 ρησί
342 2187 387 2246 καὶ
399 2185 555 2265 Εὐριπίδης,
571 2187 627 2265 οὐχί
647 2191 697 2246 τῶν
711 2189 741 2246 ἀνι
755 2184 839 2245 πάλαι
854 2205 936 2242 σπου·

163 2279 241 2336 δαίων
252 2275 381 2355 εὐγένειαν
397 2274 509 2354 φάμενος
523 2265 602 2350 εἶναι,
618 2276 677 2334 ἀλλ’
693 2273 763 2340 ὅστις
779 2269 844 2352 ἀνὴρ
869 2273 936 2350 ἀγα-

161 2451 209 2524 τὴν
220 2452 333 2532 ἀρχαίαν
345 2451 439 2530 ἀρετὴν
449 2449 623 2530 προτιθίντες.
633 2453 658 2511 Τ
660 2451 676 2510 ἀ
689 2452 711 2508 δ’
727 2448 800 2510 αἴτια
816 2449 935 2525 εἴπομεν,

161 2541 293 2598 τουτέστιν
306 2539 347 2598 ὅτι
360 2543 377 2610 ἡ
392 2538 439 2616 μάν
452 2539 569 2616 εὐγίνειά
583 2542 652 2599 ἐστιν
664 2539 744 2616 ἀρετὴ
762 2538 862 2616 γίνους,
881 2542 898 2609 ἡ
915 2533 939 2596 θ’

161 2627 241 2706 ἀρετὴ
269 2628 420 2686 σπουδαῖον·
450 2627 590 2687 σπουδαῖον
616 2625 639 2686 δ’
666 2626 720 2686 ἐστί
745 2623 834 2704 γίνος,
856 2628 883 2684 ὅν
910 2617 932 2706 ᾧ

161 2715 252 2773 πολλοὶ
281 2715 417 2772 σπουδαῖοι
440 2715 585 2786 πεφύκασιν
611 2714 766 2792 ὅγγίνεσθαι.
790 2713 938 2790 Συμὸαίνει

161 2801 188 2861 ὅθ
207 2802 238 2860 τύ
251 2809 374 2876 τοιοῦτον,
386 2801 448 2861 ὅταν
470 2801 607 2879 ἐγγίνηται
629 2801 699 2880 ἀρχὴ
715 2799 844 2861 σπουδαία
859 2803 885 2861 lv
900 2805 937 2880 τῷ

161 2890 239 2963 γε’νει·
263 2889 342 2968 ἡγθρ
354 2887 423 2969 ἀρχὴ
438 2893 561 2961 τοιαύτην
579 2889 634 2968 ἔχει
650 2889 697 2958 τὴν
711 2889 836 2966 δύναμιν,
852 2889 938 2949 πολλὰ

161 2977 369 3056 παρασκευάζειν
383 2969 477 3056 οἷάπερ
500 2976 576 3049 αὐτή·
592 2982 669 3036 τοῦτο
688 2975 740 3056 γάρ
756 2979 833 3042 ‚lurra
856 2977 940 3055 ἀρχῆς

162 3067 244 3144 ἔργον,
257 3069 366 3136 ποιῆσαι
379 3056 431 3124 οἷον
445 3066 510 3138 αὐτὴ
523 3061 599 3142 ὅτερα
622 3065 718 3124 πολλά.
738 3061 825 3124 Ὅταν
845 3053 888 3121 οὐν
901 3065 940 3139 ἐγ-

163 3287 291 3352 significet,
304 3289 331 3336 ut
345 3287 500 3350 εὐπρόσωπον
515 3283 625 3348 (furiem
641 3283 784 3348 pulchrum
803 3281 936 3343 babens),
958 3337 962 3344 ⁸

162 3377 303 3440 εὐόφθαλμον
316 3377 449 3441 (putetur-is
459 3375 540 3426 oerrlls
553 3377 677 3425 ornatum
686 3373 704 3435 ).
718 3373 810 3421 bonum
823 3371 885 3421 enim
897 3372 940 3420 aul

163 3464 288 3526 puluinum
303 3463 390 3526 aliquid
404 3462 440 3512 ln's
450 3462 529 3512 uubis
537 3461 662 3511 ludicatur.
676 3490 707 3502 -
719 3458 822 3509 Maxime
833 3471 898 3508 reru.
910 3483 939 3494 -

162 3551 278 3603 uidelicet
289 3553 441 3616 εὐπρόσωπον
457 3553 509 3611 est,
528 3549 591 3614 quod
610 3549 691 3620 incisi,
704 3548 860 3609 εὐόφθαλμον,
874 3543 938 3608 quod

161 3640 224 3689 oculi
241 3639 354 3689 virtulem
369 3638 454 3688 babel?
465 3663 498 3675 -
511 3636 550 3688 Sic
564 3639 617 3700 est,
632 3635 717 3699 inquit.
732 3661 763 3670 -
775 3636 852 3684 Porro
863 3645 939 3696 genus

161 3725 226 3775 aliud
237 3723 355 3774 laudabile
365 3727 417 3784 est,
429 3723 564 3783 abodritis,
580 3722 706 3784 studioque
716 3721 847 3784 iudignum.
861 3746 892 3756 -
902 3721 938 3769 lta

163 3812 280 3877 proiecto.
291 3837 322 3849 -
334 3809 416 3860 Laude
427 3813 507 3859 autem
520 3809 630 3859 studiose
642 3808 739 3872 θθςιιευι
749 3821 801 3858 reru
808 3806 940 3871 quamlibet

164 3899 260 3950 rirtulis
278 3911 330 3949 suae
343 3896 430 3948 merito
445 3907 576 3946 vocamus:
591 3894 670 3957 itaque
681 3908 756 3957 genus
770 3893 841 3944 etinu
855 3893 938 3943 laudu-

165 3987 210 4037 bile
223 3985 332 4038 sirniliter
339 3983 510 4036 nominandum
526 3984 570 4032 eat.
584 4011 615 4022 -
626 3979 816 4042 dominandum,
831 3979 899 4030 dixit.
909 4008 940 4022 -

164 4076 264 4125 constat
275 4073 356 4137 igitur,
369 4073 483 4135 iuquam,
495 4069 639 4120 nobilitatem
650 4068 742 4132 generis
752 4067 865 4118 virtulem
877 4080 938 4116 esse.

541 4255 639 4302 θ..

196 4439 263 4486 Nune
280 4435 350 4498 igitur
369 4433 400 4483 de
420 4430 467 4482 illis
483 4432 592 4492 constet,
610 4443 666 4491 uuae
686 4428 777 4492 pridem
792 4429 817 4478 io
839 4427 940 4478 dubium

168 4523 321 4583 voravimus,
334 4533 406 4584 qoam
417 4517 449 4569 ub
457 4531 554 4569 eanum
570 4532 600 4568 er
611 4517 742 4580 maioribus
759 4516 817 4566 olim
827 4517 871 4565 aut
882 4515 941 4565 diri·

167 4611 231 4661 libus
247 4612 290 4660 unt
302 4609 370 4660 bonis
387 4608 449 4668 uati,
466 4606 595 4658 nobiliores
612 4605 737 4656 rideantur
754 4617 808 4654 esse
823 4604 887 4664 illis,
899 4602 941 4666 qui

167 4701 229 4749 bona
252 4695 571 4761 propinquiorapossident.
595 4693 755 4756 Propinquius
775 4694 856 4742 autem
879 4690 941 4740 bona

167 4786 285 4850 possidet,
295 4785 336 4848 qui
348 4785 400 4848 ipse
415 4783 492 4834 binus
505 4783 592 4845 luerit,
608 4795 680 4846 quarn
691 4781 731 4844 qui
741 4793 814 4831 arum
831 4778 942 4830 babuerit

166 4875 260 4926 uirtutis
274 4873 417 4926 studiosum.
430 4875 513 4936 tuque
525 4871 611 4922 nobilis
625 4871 697 4920 tuerit
710 4871 847 4932 quicunque
863 4867 942 4918 bonrrs

165 4967 211 5014 est.
229 4963 267 5014 Sic
282 4963 345 5012 enim
360 4961 432 5025 aliqui
445 4959 583 5025 syllogismo
597 4959 722 5022 eolligunt,
742 4956 882 5020 rularguure
898 4969 940 5006 ru·

165 5052 256 5115 pientes
269 5051 322 5102 illus¹
337 5050 379 5115 qui
396 5050 465 5102 aliter
477 5049 591 5100 seuliuul.
608 5046 733 5111 Euripides
750 5046 822 5098 stiam
836 5044 940 5096 nobilem

166 5153 221 5189 esse
234 5139 282 5200 ait,
295 5151 342 5189 nun
354 5138 396 5201 qui
409 5137 540 5200 nlaioribus
557 5137 626 5200 longo
634 5136 684 5200 jam
697 5137 804 5200 tempore
815 5132 883 5184 bouis
898 5145 941 5184 tra·

165 5233 205 5278 tus¹
221 5231 266 5291 sit,
279 5227 320 5278 srd
340 5229 380 5292 qui
401 5227 531 5278 virbonus
548 5225 599 5290 ipse
615 5227 685 5276 tuerit
701 5225 848 5290 simpliciter.
870 5222 940 5284 Quod

991 1081 1094 1158 ἀγαθοὶ,
1112 1082 1170 1141 ἀλλ’
1185 1085 1210 1142 οὐ
1231 1083 1261 1140 is
1273 1085 1356 1142 πάλαι
1373 1081 1505 1143 πλουσίοιν
1523 1082 1541 1154 ἢ
1563 1085 1593 1142 ὐκ
1606 1084 1690 1143 πάλαι
1705 1087 1769 1161 ἀγα-

991 1171 1043 1226 θῶν
1068 1171 1181 1248 εὐγενεῖς
1201 1159 1252 1228 εὐεν
1277 1168 1321 1231 άν.
1351 1173 1432 1242 Ζητεῖ
1448 1169 1500 1251 γὸιρ
1519 1174 1535 1229 ὅ
1556 1171 1632 1248 λόγος
1654 1176 1764 1243 τάληθῆ.

992 1257 1072 1338 Ἀρχὴ
1089 1257 1140 1338 γὰρ
1161 1258 1259 1317 ἄνωθεν
1274 1256 1391 1316 πάντων.
1407 1259 1447 1317 Οὐ
1465 1256 1519 1334 μὴν
1540 1261 1599 1318 ἀλλ’
1624 1259 1716 1318 οὐδὀί
1738 1261 1768 1318 ἐκ

991 1346 1126 1424 προγόνων
1162 1347 1268 1422 ἀγαθῶν
1302 1346 1413 1422 εὐγενεῖς
1449 1345 1571 1416 πάντως,
1608 1348 1666 1406 ἀλλ’
1699 1344 1769 1413 ὅσοις

991 1435 1164 1514 τυγγάνουσιν
1180 1432 1292 1513 ἀρχηγοὶ
1306 1435 1358 1492 τῶν
1379 1432 1514 1512 προγόνων
1528 1431 1610 1498 ὅντες.
1621 1433 1705 1494 Ὅταν
1721 1434 1769 1508 μὲν

992 1511 1036 1581 οὐν
1051 1523 1126 1588 αὐτὸς
1140 1521 1253 1602 ἀγαθὸς,
1270 1518 1308 1594 μὴ
1330 1519 1379 1599 ἔχη
1403 1517 1431 1578 di
1445 1518 1568 1590 τοιαύτην
1589 1520 1698 1596 δύναμιν
1722 1525 1776 1588 τῆς

992 1609 1092 1689 μύσεως
1109 1613 1144 1676 ὡς
1162 1610 1258 1668 τίκτειν
1270 1608 1381 1675 πολλοὺς
1403 1607 1521 1683 θμοίους,
1535 1609 1583 1666 οὐκ
1596 1606 1652 1687 ίχει
1666 1611 1683 1678 ἡ
1695 1608 1765 1687 ἀρχάΙ

991 1697 1113 1768 τοιαύτην
1126 1695 1236 1773 δύναμιν
1251 1698 1278 1756 ἐν
1290 1693 1424 1762 τούτοις...
1447 1694 1538 1775 Ἀρετὴ
1553 1701 1600 1754 τοῦ
1616 1695 1703 1774 γένους
1723 1699 1768 1754 καὶ

993 1786 1102 1858 εὐγενεῖς
1125 1784 1149 1840 οἱ
1172 1781 1224 1840 ἀπὸ
1237 1780 1328 1840 τούτου
1351 1788 1396 1840 τοῦ
1413 1780 1502 1859 γίνους
1522 1779 1606 1854 ὅντες,
1621 1783 1667 1839 οὐκ
1690 1782 1735 1838 ἐὰν
1755 1785 1769 1837 ὁ

992 1868 1081 1949 πατὴρ
1092 1866 1196 1947 εὐγενὴς
1213 1860 1244 1948 ᾖ,
1263 1870 1323 1928 ἀλλ’
1336 1868 1381 1928 lior
1396 1873 1410 1928 θ
1428 1869 1543 1948 ἀρχηγὸς
1556 1867 1709 1946 τοῦγένους.
1729 1872 1769 1929 Οὐ

994 1959 1043 2036 γάρ
1064 1958 1097 2015 δι’
1112 1956 1190 2016 αὐτὸν
1204 1960 1218 2015 ὅ
1232 1957 1321 2036 πατὴρ
1337 1956 1474 2034 ὅγίννησεν
1489 1957 1597 2034 ἀγαθὸν,
1610 1959 1670 2014 ἀλλ’
1686 1955 1725 2014 ὅτι
1740 1961 1770 2014 ἐκ

992 2041 1108 2103 τοιούτου
1122 2042 1209 2122 γε’νους
1229 2035 1272 2116 ἦν.

1032 2131 1104 2201 Quae
1115 2128 1164 2189 hic
1178 2130 1313 2208 leguntur
1325 2134 1414 2190 verba
1428 2153 1436 2189 z
1456 2127 1553 2198 Ὅστις
1564 2130 1630 2209 ἀνὴρ
1642 2131 1738 2208 ἀγαθάς
1752 2153 1768 2189 a

993 2221 1123 2279 Gesnero
1132 2220 1228 2296 posita
1239 2234 1307 2280 sunt
1320 2240 1375 2299 pro
1386 2221 1511 2280 lectione
1523 2219 1588 2278 cod.
1604 2223 1629 2281 tt
1643 2211 1680 2286 οἷς
1692 2243 1769 2292 τισιν,

997 2307 1043 2365 vei
1059 2308 1104 2366 ed.
1122 2307 1194 2367 Ven.
1218 2298 1254 2372 οἷς
1271 2308 1310 2373 τίς
1324 2307 1390 2385 ἀνὴρ
1411 2305 1518 2384 ἀγαθάς.
1539 2305 1598 2365 Pro
1613 2307 1671 2365 ἀλλ’
1689 2307 1768 2377 ὅσοις,

993 2396 1078 2456 codd.
1095 2394 1161 2466 ὅσοι,
1176 2395 1206 2453 in
1222 2394 1330 2472 quibus
1350 2396 1436 2454 etiam
1449 2415 1504 2474 pro
1518 2397 1565 2454 οὐκ
1584 2392 1640 2474 ὅγει
1656 2398 1673 2466 ἡ
1689 2397 1769 2475 ἀρχή,

993 2484 1041 2541 οὐκ
1060 2481 1116 2562 ἔχει
1134 2481 1219 2561 ἀρχήν
1239 2483 1360 2559 legitur,
1379 2484 1459 2560 quod
1472 2483 1619 2542 Gesnerus
1633 2484 1769 2542 emenda-

994 2571 1048 2629 vit.
1062 2570 1135 2628 Cum
1149 2569 1250 2628 verbis
1264 2574 1360 2628 ετούτο
1372 2570 1424 2650 γάρ
1436 2573 1506 2629 iuro
1520 2571 1604 2649 ἀρχῆς
1618 2570 1691 2647 ἔργον
1703 2573 1763 2630 κτλ.

994 2656 1210 2734 quodammodo
1224 2658 1352 2715 conferri
1364 2671 1486 2735 possum
1501 2676 1566 2735 quae
1587 2659 1618 2716 in
1631 2657 1716 2718 libris
1729 2658 1766 2717 de

995 2746 1099 2804 Anima
1113 2744 1152 2815 ll,
1172 2765 1198 2801 c.
1220 2753 1249 2818 4,
1262 2745 1407 2820 leguntur,
1423 2765 1489 2804 eum
1511 2744 1600 2804 totius
1615 2764 1685 2804 vero
1709 2746 1767 2804 loci

993 2833 1136 2890 sententia
1153 2833 1265 2909 optime
1283 2833 1418 2907 congruit
1430 2831 1510 2909 quod
1532 2832 1641 2891 dictum
1656 2846 1700 2891 est
1713 2833 1766 2891 Po·

994 2920 1038 2979 lit.
1054 2918 1108 2990 Ν,
1123 2921 1152 2989 6,
1167 2921 1184 2976 5
1199 2940 1206 2976 ι
1220 2923 1237 2988 ἡ
1252 2917 1303 2998 γὰρ
1320 2917 1437 2995 εὐγένειά
1452 2920 1522 2977 ἔστιν
1534 2923 1643 2999 ἀρχαῖος
1658 2922 1770 2986 πλοῦτος

994 3006 1143 3088 καίάρετή.
1305 2995 1309 3005 ’
1588 3003 1591 3006 ’

994 3289 1090 3351 quidem
1102 3301 1150 3341 non
1159 3287 1192 3343 its
1203 3299 1231 3338 se
1242 3287 1323 3349 babel,
1333 3286 1375 3336 sed
1385 3290 1449 3336 reete
1459 3288 1616 3352 qrraealionem
1628 3289 1767 3348 instituunt,

993 3376 1034 3439 qui
1043 3377 1155 3426 virtutem
1165 3375 1286 3438 antiquam
1298 3379 1447 3438 praeponunt.
1459 3377 1637 3426 causasaulem
1646 3377 1749 3426 uixinrm
1761 3399 1767 3427 2

992 3463 1105 3526 quoniam
1121 3460 1232 3512 videlieet
1246 3460 1357 3511 nobilitas
1368 3460 1445 3511 virtus
1456 3465 1495 3511 est
1511 3463 1620 3526 generis,
1635 3463 1711 3513 virtus
1726 3477 1769 3510 an-

991 3552 1041 3600 tem
1060 3563 1099 3600 res
1118 3548 1243 3599 laudabilis
1262 3549 1390 3612 studioque
1407 3549 1478 3613 digna
1494 3551 1539 3600 est.
1560 3553 1621 3600 item
1640 3563 1730 3612 genus,
1745 3550 1770 3598 in

992 3652 1041 3700 quo
1055 3637 1124 3688 multi
1139 3638 1243 3687 studiosi
1259 3637 1363 3700 bonique
1379 3635 1482 3700 tuerint,
1500 3638 1595 3688 laudem
1616 3637 1771 3700 studiumque

992 3729 1107 3776 meretur.
1120 3725 1158 3775 Fit
1169 3730 1248 3774 sutem
1263 3725 1410 3788 telegonus,
1421 3725 1648 3788 quumpriueiplum
1661 3727 1712 3787 ejus
1723 3728 1771 3774 lau·

991 3813 1072 3863 dablle
1088 3813 1165 3862 ruem
1183 3813 1328 3874 Principium
1344 3811 1407 3861 enim
1421 3811 1484 3860 bane
1503 3811 1639 3862 taerrllatem
1659 3813 1731 3863 babet
1744 3819 1769 3863 ul

992 3900 1067 3950 mulla
1083 3899 1170 3948 etbeiut
1180 3899 1251 3962 quate
1264 3899 1343 3960 ipsum
1356 3900 1402 3947 est.
1419 3900 1478 3948 limo
1486 3898 1549 3948 euim
1561 3899 1598 3948 ris
1611 3902 1649 3950 est
1661 3901 1769 3964 ρείειείρλ

994 3989 1021 4036 ut
1040 3987 1142 4050 plurima
1160 3987 1231 4048 quale
1249 3986 1327 4048 ipsum
1345 3988 1382 4035 est
1396 3985 1494 4035 efficiat.
1515 3987 1596 4044 Quum
1617 3987 1687 4050 igilur
1707 4003 1769 4038 unus

994 4075 1049 4123 talis
1066 4073 1091 4122 in
1109 4072 1189 4136 aliquo
1203 4085 1290 4134 gerrem
1309 4071 1397 4134 luerit,
1411 4071 1520 4134 adeoque
1538 4073 1631 4135 θοειιε,
1650 4075 1677 4123 ut
1690 4074 1768 4124 uirtus

993 4163 1026 4212 sb
1039 4161 1091 4224 ipso
1109 4161 1134 4210 in
1147 4159 1236 4210 multas
1247 4161 1332 4209 etates
1347 4159 1537 4223 transfundatur,
1549 4159 1596 4210 boe
1614 4163 1679 4210 certe
1694 4175 1769 4224 genus

992 4251 1058 4300 omui
1074 4250 1143 4300 laude
1152 4249 1279 4312 studioque
1290 4247 1457 4312 dignissimum
1466 4251 1522 4301 erit.
1538 4252 1577 4301 sio
1585 4251 1649 4300 euim
1658 4253 1769 4315 permulti

994 4337 1051 4387 trent
1065 4337 1168 4387 erutuet
1181 4336 1305 4399 homiues,
1317 4337 1338 4386 si
1356 4350 1431 4400 genus
1446 4337 1579 4387 humanum
1598 4337 1643 4400 sit,
1656 4339 1678 4389 si
1694 4353 1768 4402 equo·

993 4439 1047 4474 rum
1061 4438 1120 4474 roro
1138 4424 1209 4487 equi,
1222 4428 1294 4487 alque
1311 4424 1365 4475 aliis
1385 4425 1526 4475 animalibus
1544 4426 1628 4476 eudem
1642 4429 1680 4477 est
1699 4429 1768 4477 ratio.

995 4513 1097 4562 Proinde
1109 4513 1194 4562 merito
1203 4526 1252 4563 uuo
1263 4511 1365 4575 dirites,
1379 4526 1457 4577 neque
1471 4511 1526 4563 boui
1535 4549 1543 4575 ,
1553 4513 1595 4563 sed
1604 4514 1645 4577 qui
1659 4526 1673 4563 a
1685 4513 1769 4577 priscis

993 4599 1108 4650 dirbibus
1128 4601 1170 4648 nrrt
1191 4599 1295 4662 antiquis
1308 4597 1377 4650 bouis
1397 4599 1576 4654 descenderint.
1600 4601 1689 4650 nobiles
1703 4601 1768 4664 judi·

993 4685 1063 4735 eundi
1080 4689 1150 4744 suut.
1163 4686 1184 4735 si
1196 4686 1320 4737 ueritatem
1340 4687 1453 4750 inquiras.
1469 4687 1582 4737 omnium
1595 4688 1659 4737 euim
1679 4687 1766 4750 prinm-

995 4774 1060 4836 oium
1072 4774 1141 4837 longa
1156 4775 1220 4824 retro
1232 4774 1324 4837 origiue
1340 4772 1474 4826 deducitur.
1492 4777 1522 4825 Al
1538 4787 1616 4838 usque
1630 4775 1768 4838 simpliciter

994 4861 1168 4922 nobillimum,
1179 4861 1220 4926 qrri
1234 4875 1250 4912 ε
1266 4861 1335 4912 bonis
1348 4863 1479 4924 majoribus
1490 4862 1539 4912 uati
1558 4862 1644 4912 tuerint
1656 4880 1664 4913 ι
1677 4861 1719 4911 ssd
1734 4862 1767 4910 λλ

994 4953 1086 5000 lautum
1097 4950 1138 5014 qui
1153 4950 1316 5014 progenitores
1328 4963 1372 5001 seu
1383 4949 1511 5015 gumarii
1524 4953 1635 5000 austures
1645 4961 1699 4998 esse
1711 4962 1766 5012 pus-

994 5039 1059 5087 sunt.
1073 5037 1098 5088 Si
1107 5038 1163 5101 quis
1171 5038 1242 5102 igitur
1257 5038 1310 5103 inse
1322 5037 1399 5089 bonus
1411 5041 1459 5098 est,
1478 5051 1527 5088 uon
1540 5036 1614 5100 pollet
1629 5036 1709 5084 summ
1722 5035 1767 5084 liae

993 5129 1087 5178 sature
1097 5127 1220 5186 tumbata.
1235 5132 1262 5179 ut
1277 5129 1366 5179 multos
1375 5129 1420 5178 sibi
1433 5127 1524 5178 similes
1535 5129 1647 5189 generet,
1659 5126 1766 5190 principii

993 5214 1110 5266 rationem
1122 5215 1152 5264 art
1164 5216 1327 5279 melodialem
1338 5215 1497 5267 nonhabet...
1512 5213 1611 5263 Generis
1619 5213 1730 5264 nobilitas
1742 5216 1768 5264 et
