4017 5984
206 413 245 472 24
746 397 988 458 ARISTOTELIS
1009 395 1260 459 FRAGMENTA.

205 565 259 608 τοις
270 537 304 600 τθ
317 538 392 619 παρά
406 535 454 604 τάς
467 536 494 605 ἐξ
508 533 623 613 άνάγκης
638 530 830 598 ἀκολουθούσαις
845 529 979 600 αἰσθήσεις

210 631 243 706 τῇ
267 630 406 704 ποιητικῇ·
429 625 476 684 καὶ
490 623 541 702 γάρ
564 623 622 682 κατ’
638 619 717 686 αὐτάς
731 619 801 680 ἔστιν
820 617 980 698 ἁμαρτάνειν

206 714 348 782 πολλάκις·
365 713 468 792 εἴρηται
481 710 509 772 dl
520 709 582 788 περί
596 710 682 768 αὐτῶν
698 709 791 773 ἐντοῖς
805 706 980 782 Ικδεδομένοις

205 803 291 880 λόγοις
300 805 412 873 ἱκανῶς,
424 801 461 858 ad
475 799 548 858 nihil
559 797 640 856 aliud
651 809 781 875 spectare
795 814 882 874 posse
893 813 979 872 quam

205 893 241 952 ad
254 892 308 952 hos
322 891 358 949 de
376 890 494 949 Poetica
505 901 534 946 et
548 887 649 946 Poetis
666 885 807 962 dialogos.
824 884 867 940 De
880 883 934 940 hsc
949 884 981 940 r'e

202 977 264 1056 jam
279 977 517 1055 supradiximus.

440 1142 461 1199 E
482 1139 593 1199 lisso
615 1137 742 1196 PRIMO.

470 1319 474 1330 ·
539 1321 564 1358 1·
589 1299 644 1379 lsi

249 1466 373 1542 Diogen.
387 1463 483 1521 Luert.
505 1459 557 1531 ΙΙΙ,
579 1461 617 1527 48
635 1482 641 1517 :
658 1457 802 1534 Διαλόγους
816 1455 900 1516 τοίνυν
917 1457 980 1535 psci

203 1556 308 1629 πρῶτον
327 1549 430 1628 Ιγράψαι
449 1547 559 1618 Ζήνωνα
574 1547 619 1606 τὸν
638 1544 768 1617 Ἐλεάτην
775 1569 785 1620 '.
796 1543 979 1622 Ἀριστοτέ-

204 1642 260 1711 λης
272 1641 295 1698 δ’
312 1642 337 1698 ἐν
350 1635 446 1716 πρώτῳ
460 1636 520 1714 περὶ
534 1637 658 1706 Ποιητῶν
674 1632 842 1708 Ἀλεξαμενὸν
851 1630 954 1711 Στυρέα
963 1630 984 1702 ἢ

203 1730 304 1802 Τήιον,
324 1733 359 1794 ὡς
385 1727 431 1784 καί
455 1726 614 1806 Φαόωρῖνος
638 1731 663 1786 έν
693 1721 979 1800 Ἀπομνημονιιίμασιν

205 1818 300 1896 [Frag.
318 1818 352 1874 15
369 1815 494 1892 llliiller).

244 1906 349 1962 Athen.
367 1903 418 1974 ΧΙ,
435 1923 464 1980 p.
488 1903 552 1970 505,
573 1903 619 1960 B:
638 1897 779 1977 Ἐγκώμια
799 1900 878 1957 αὐτοῦ
896 1899 979 1978 (iiie-

206 1996 292 2052 nonis
321 2013 338 2050 a
369 1991 562 2067 Xenophonte
586 1989 763 2068 vituperati)
787 1985 945 2066 διεξέρχεται
968 1991 982 2044 ό

204 2081 262 2148 τοὺς
274 2083 368 2147 ἄλλους
380 2079 541 2147 ἁπαξαπλῶς
553 2076 735 2156 κακολογήσας
747 2077 774 2155 (θ
786 2074 934 2152 Πλάτων),
950 2077 976 2133 ἐν

206 2169 252 2242 μίν
268 2173 300 2245 τῇ
315 2167 442 2245 Πολιτείᾳ
453 2166 576 2244 Ὅμηρον
589 2165 726 2224 έκόάλλων
743 2163 788 2248 καί
802 2164 849 2233 τήν
868 2185 980 2238 μιμητι-

204 2257 253 2325 κήν
283 2255 407 2323 ποίησιν,
434 2253 512 2319 αὐτὸς
540 2254 567 2312 δέ
590 2251 650 2318 τοθς
675 2251 809 2328 διαλόγους
834 2253 983 2327 μιμητικῶς

194 2342 323 2422 γράψας,
339 2332 375 2398 ῶν
390 2343 437 2410 τῆς
451 2339 522 2407 ἰδέας
537 2339 591 2398 οὐδ’
608 2338 685 2406 αὐτὸς
702 2338 809 2420 εὑρετής
824 2341 905 2398 ἐστιν.
924 2337 983 2418 lips

204 2431 254 2506 γάρ
275 2429 354 2485 αὐτοῦ
372 2426 441 2486 τοῦθ’
469 2417 527 2504 εὗρε
548 2427 579 2484 τὸ
601 2416 669 2492 εἶδος
694 2427 745 2482 τῶν
762 2425 847 2502 λόγων
867 2429 882 2483 θ
901 2423 983 2496 Τήιος

205 2513 392 2588 Ἀλιξαμινδς,
422 2516 457 2579 ὡς
482 2513 576 2578 Νικίας
601 2517 615 2571 i
637 2511 751 2578 Νικαεθς
772 2512 869 2591 ἱστορεῖ
889 2511 981 2591 (Hist.

205 2624 249 2678 gr.
260 2601 371 2678 fragm.
382 2615 402 2661 t.
414 2601 500 2679 lV‚p.
522 2603 600 2678 464),
614 2601 661 2659 καί
677 2600 797 2661 Σωτίων.
808 2599 983 2679 Ἀριστοτέ·

206 2694 260 2760 λης
275 2691 301 2747 δὲ
320 2693 345 2748 Ιν
358 2692 396 2769 τῷ
408 2689 469 2768 περί
483 2691 606 2762 Ποιητῶν
621 2690 703 2756 οὕτως
717 2688 828 2768 γράφει·
844 2715 857 2739 ο
877 2689 981 2747 Οὐκοῦν

205 2777 263 2836 οὐδὲ
283 2776 429 2854 ἐμμέτρους
443 2775 503 2844 τοὺς
520 2778 697 2854 καλουμένους
720 2775 858 2856 Σώφρονος
884 2776 979 2854 μίμους

207 2861 243 2937 μὴ
268 2867 358 2942 φῶμεν
380 2855 447 2921 εἶναι
467 2863 558 2942 λόγους
581 2863 627 2922 καί
646 2861 785 2940 μιμήσεις,
806 2861 824 2934 ἢ
849 2863 910 2928 τοὺς
934 2861 983 2924 Ἀ-

206 2949 408 3024 λεξαμινοῦτοῶ
431 2951 517 3020 Τηίου
542 2949 601 3018 τοίις
621 2949 739 3032 πρώτους
763 2950 909 3030 γραφέντας
929 2953 981 3008 τῶν

207 3040 384 3116 Σωκρατικῶν
397 3039 544 3115 διαλόγων,
562 3065 574 3090 ν
592 3039 713 3116 ἄντικρυς
727 3036 836 3116 φάσκων
857 3041 872 3095 δ
898 3039 981 3096 πολυ-

147 3141 153 3154 ·
206 3125 369 3200 μαθίατατος
394 3123 575 3204 Ἀριστοτέλης
598 3124 650 3204 πρὸ
674 3125 817 3190 Πλάτωνος
845 3126 983 3204 διαλόγους

206 3212 363 3289 γεγραφέναι
379 3211 423 3269 τὸν
437 3210 619 3288 Ἀλεξαμενόν.

247 3303 377 3362 Probare
389 3322 449 3360 non
464 3321 582 3380 possum
595 3302 674 3379 quod
689 3303 719 3360 in
730 3303 829 3362 verbis
842 3305 981 3364 Aristote-

206 3391 241 3449 lis
266 3390 445 3460 llleinekius‚
462 3409 548 3466 quem
564 3391 655 3448 secuti
670 3405 737 3449 sunt
758 3391 863 3450 Rosius
876 3407 905 3450 et
917 3393 984 3452 Ber·

207 3482 342 3554 rmysins,
358 3497 411 3555 pro
429 3477 548 3554 πρώτους
557 3522 564 3549 ,
579 3477 719 3556 προτέρους
734 3479 868 3558 scripsit,
892 3501 980 3558 quum

204 3567 263 3640 jam
290 3579 373 3622 antea
396 3566 504 3623 Baitios
528 3567 558 3623 in
577 3567 708 3623 scholicr's
727 3573 976 3643 Hrpoomematis,

206 3653 279 3723 rsit,
292 3674 321 3730 p.
335 3655 382 3724 52,
398 3653 524 3733 πρότερον
539 3653 719 3731 conjecisset.
731 3655 797 3714 Non
807 3659 885 3715 enim
896 3659 984 3718 video

205 3763 256 3800 cm·
266 3743 314 3800 hic
326 3742 442 3821 πρώτους
451 3743 547 3801 dicere
559 3764 618 3802 non
628 3745 757 3822 potuerit
766 3744 978 3825 philosophus,

206 3831 282 3909 apud
304 3851 389 3908 <prtem
406 3831 568 3910 Metaphys.
593 3833 613 3890 Ι.
632 3831 657 3904 Ι,
674 3853 698 3890 c.
717 3853 733 3890 a
749 3835 766 3908 S
780 3855 808 3906 7,
823 3855 847 3893 c.
865 3835 893 3906 3,
911 3837 927 3912 §
952 3856 981 3906 s,

206 3922 256 3975 τῶν
273 3919 385 3995 πρώτων
397 3918 647 4000 φιλοσοφησάντων,
661 3920 734 3978 ibid.
751 3923 768 3998 S
784 3923 799 3979 5
816 3921 895 3989 ετοθς
907 3922 980 4002 πρίν·

99 4041 106 4054 ·
207 4027 264 4070 τους
284 4006 507 4084 θεολογήσαντας,
524 4007 560 4066 de
578 4007 668 4068 Perit.
696 4010 826 4068 animall.
854 4009 921 4084 l,c.
949 4033 980 4082 r,

211 4107 228 4153 t.
245 4093 285 4152 ΙΙΙ
302 4117 353 4173 ,p.
371 4117 440 4168 ass,
457 4118 493 4154 aa
509 4119 516 4154 ι
535 4099 559 4156 oi
573 4098 678 4178 ἀρχαῖοι
694 4099 738 4156 καί
755 4102 855 4176 πρῶτοι
873 4103 979 4182 φιλοσο-

501 4327 540 4372 titi
566 4327 682 4374 postis

497 4495 509 4526 t'.
527 4493 598 4528 stirne
614 4492 693 4528 inlito.

583 4623 604 4668 i.

238 4745 349 4806 Dialogos
377 4745 480 4808 primum
504 4749 624 4798 zenonem
642 4749 737 4800 Eleates
757 4749 882 4814 scripsisse
897 4753 984 4804 lentot.

209 4833 348 4900 Aristoteles
367 4845 426 4882 vero
443 4832 466 4882 in
486 4834 562 4896 primo
583 4834 612 4885 de
634 4836 713 4886 Poetis
728 4837 903 4888 Alexamenum
926 4845 982 4904 Sty·

210 4933 276 4969 reum
296 4919 347 4969 sire
361 4920 461 4980 Teium,
477 4921 537 4970 sicut
553 4925 576 4972 et
597 4924 729 4974 Favorinus
749 4926 773 4974 in
802 4928 985 4978 commentariis

209 5007 324 5057 tradit-
334 5007 472 5060 Aristoteles
485 5009 508 5058 in
522 5009 583 5059 libro
594 5009 625 5060 de
637 5011 717 5062 Poetis
730 5013 762 5062 iia
772 5014 870 5064 scribit:
886 5036 898 5058 α
912 5018 988 5080 Igitur

209 5103 239 5140 ne
260 5092 341 5141 metris
360 5091 456 5156 quidem
470 5093 655 5157 comprehensos
674 5094 803 5158 Sophronis
823 5099 925 5158 mimos,
947 5101 987 5160 oui

212 5182 338 5241 iocantur,
353 5193 432 5230 nonne
447 5179 554 5230 dicemus
571 5193 623 5232 esse
638 5195 762 5232 sermones
782 5187 806 5234 ct
824 5184 983 5248 imitationes,

1034 527 1165 609 φήσοντας
1178 528 1318 605 legimus,
1328 528 1432 588 eodem
1447 529 1535 608 plane
1549 548 1637 590 senso
1650 545 1738 610 atque
1749 555 1810 612 quo

1035 618 1067 673 in
1080 615 1205 695 lietaplr.
1218 615 1243 688 Ι,
1259 637 1284 676 c.
1296 617 1327 687 3,
1341 615 1359 693 S
1371 637 1400 690 a,
1410 614 1523 676 dictum
1533 629 1578 676 est
1590 639 1598 676 :
1610 615 1670 686 τοίας
1683 621 1808 700 πρότερον

1035 705 1113 778 ἡμῶν
1138 706 1174 772 τίς
1200 703 1338 784 Ιπίσκνψιν
1365 702 1489 772 Ιλθόντας
1510 705 1558 763 καί
1583 707 1811 788 φιλοσοφήσαντας

1034 790 1095 871 περὶ
1107 795 1154 862 τῆς
1168 789 1302 862 ἀληθείας.
1319 791 1393 850 Cum
1404 792 1574 852 Aristotelis
1586 792 1689 854 verbis
1701 797 1811 875 optime

1035 879 1173 938 convenit
1191 879 1273 938 locus
1292 879 1463 940 notissimus
1476 879 1509 939 in
1522 880 1618 960 capite
1629 883 1728 961 primo
1739 883 1810 943 libri

1034 966 1070 1025 de
1084 966 1203 1027 Poetiea
1225 969 1243 1045 S
1259 969 1277 1025 8
1294 989 1301 1025 :
1322 965 1473 1050 οὐδὲνγὰρ
1493 966 1534 1028 ds·
1547 967 1655 1048 Ιχοιμτν
1677 972 1806 1050 ὀνομάσαι

1036 1051 1123 1116 κοινθν
1137 1051 1197 1121 solae
1213 1054 1352 1135 Σώφρονος
1365 1055 1411 1114 καί
1425 1054 1566 1135 Ξτνάρχσυ
1580 1056 1678 1135 μίμοις
1692 1058 1812 1124 καὶτοὺς

1036 1143 1221 1222 Σωκρατικοθς
1236 1142 1346 1222 λόγους,
1363 1141 1446 1220 cujus
1460 1145 1717 1223 interpretationi,
1734 1167 1806 1225 qus·

1034 1231 1090 1289 lem
1110 1230 1280 1309 nuperrime
1301 1230 1382 1289 dedit
1400 1230 1655 1307 'l'eichmiillcrus‚
1678 1241 1812 1292 Aristote-

1036 1311 1125 1366 lisclre
1149 1312 1364 1384 Forscimngen,
1386 1311 1486 1382 Helle,
1511 1309 1598 1386 1867,
1620 1333 1651 1388 p.
1676 1334 1710 1371 ro
1730 1334 1810 1391 sqq„

1035 1396 1156 1456 minime
1177 1396 1276 1456 favent
1294 1415 1360 1474 quas
1373 1397 1453 1476 apud
1474 1397 1645 1458 Athenaeum
1660 1400 1808 1476 leguntur.

1034 1483 1106 1552 Quae
1131 1504 1202 1542 vero
1218 1497 1380 1562 sequnmm·
1399 1485 1575 1562 fragmenta,
1588 1507 1714 1564 quorum
1730 1510 1811 1548 com·

1037 1571 1135 1629 munis
1148 1570 1213 1630 sons
1229 1570 1390 1630 Favorinus
1409 1571 1499 1631 fuisse
1513 1573 1641 1647 videtur,
1655 1577 1813 1636 ostendunt

1038 1659 1164 1717 similem
1179 1661 1266 1737 plane
1285 1660 1316 1717 in
1333 1659 1451 1736 dialogo
1472 1660 1508 1718 de
1522 1660 1620 1721 Poetis
1631 1662 1811 1740 disputatio-

1040 1765 1104 1805 nem
1120 1746 1208 1804 tuisse
1222 1741 1625 1822 atqueiliamqstaeinPoetica
1641 1743 1662 1804 l.
1680 1744 1701 1801 l.
1727 1745 1810 1802 inre-

1040 1835 1170 1892 niuntur.

1360 2019 1389 2057 2·
1413 2003 1481 2073 ιιοι

1076 2174 1201 2249 Diogen.
1223 2171 1321 2231 Laert.
1338 2170 1393 2246 ΙΙΙ,
1409 2191 1434 2230 s.
1452 2173 1488 2244 37
1512 2193 1518 2229 :
1536 2173 1612 2244 Φησὶ
1628 2172 1651 2230 δ’
1667 2173 1813 2251 Ἀριστο·

1038 2259 1143 2331 τέλης
1163 2257 1279 2331 τὴντῶν
1299 2257 1384 2334 λόγων
1396 2257 1466 2318 ἰδέαν
1481 2261 1561 2334 αὐτοῦ
1575 2261 1636 2339 (τοῦ
1653 2263 1811 2336 Πλάτωνος)

1039 2346 1137 2424 μεταξὺ
1150 2345 1300 2423 ποιήματος
1314 2336 1437 2405 ιΙναικαί
1450 2350 1529 2416 πεζοῦ
1542 2347 1632 2426 λόγου.

1076 2435 1120 2494 sd
1145 2436 1268 2495 eundem
1300 2435 1486 2495 Aristotelem
1511 2437 1633 2498 fortasse
1660 2438 1813 2498 referenda

1040 2536 1108 2583 sunt
1126 2543 1191 2601 quse
1212 2543 1230 2582 α
1251 2523 1392 2582 Cicerone
1414 2524 1447 2582 in
1469 2524 1592 2584 Oratore
1617 2549 1643 2586 c.
1670 2529 1753 2603 ao,§
1776 2531 1812 2600 67

1040 2611 1199 2670 dictasunt
1224 2616 1351 2686 :Itaque
1375 2614 1460 2667 video
1481 2619 1572 2669 visum
1593 2635 1653 2670 esso
1671 2618 1818 2672 nonnullis

1038 2689 1217 2756 Poronrs‘er
1248 2702 1398 2755 Democriti
1419 2701 1599 2770 locutionem,
1619 2707 1672 2757 etsi
1698 2703 1772 2756 obsit
1794 2721 1814 2756 o

1036 2799 1134 2849 persa,
1153 2791 1258 2847 tomen,
1282 2781 1356 2854 quod
1369 2777 1633 2851 incitatiasserotur
1645 2794 1675 2836 et
1687 2784 1815 2838 clarissi-

1038 2873 1090 2920 mis
1104 2867 1251 2922 verbenam
1266 2868 1415 2922 horninibus
1426 2881 1528 2936 amtor,
1541 2875 1640 2943 potios
1649 2888 1753 2943 poema
1761 2889 1815 2942 po·

1034 2958 1152 3011 'tandum
1167 2974 1253 3030 quom
1272 2961 1436 3012 comicorum
1446 2968 1592 3030 poetarum
1606 2977 1616 3011 .·
1631 2958 1711 3030 apud
1730 2976 1813 3029 quor,

1037 3047 1093 3096 nisi
1103 3045 1181 3116 quod
1192 3046 1332 3099 versiculi
1343 3057 1421 3113 stent,
1433 3044 1510 3099 aiiii
1517 3056 1559 3099 ert
1570 3045 1652 3097 cierat
1662 3045 1817 3116 quotidiani

1036 3131 1174 3186 dissimile
1186 3137 1333 3189 sermonis.
1351 3128 1538 3188 Aristotelem
1554 3140 1671 3187 secutus
1686 3147 1750 3188 esse
1771 3130 1815 3188 vi-

1038 3216 1124 3276 detur
1159 3215 1359 3289 Themistius,
1387 3217 1468 3277 Orat.
1499 3215 1603 3286 xxiii,
1631 3235 1662 3294 p.
1689 3218 1764 3293 319,
1789 3221 1814 3275 Α

1039 3303 1142 3375 Hasd„
1155 3305 1207 3361 ubi
1224 3305 1310 3362 Plato
1337 3304 1447 3363 dicitur
1460 3301 1540 3381 λόγου
1554 3301 1626 3362 ἰδίαν
1640 3303 1816 3384 κερασάμενος

1039 3394 1068 3450 έκ
1080 3391 1211 3462 ποιήσιως
1222 3395 1269 3450 καί
1282 3390 1463 3473 ψιλομττρίας.

1364 3583 1394 3640 ³·
1418 3581 1486 3661 (ιιι

1082 3753 1202 3828 liiogen.
1217 3752 1312 3814 Laert.
1328 3752 1407 3826 viil,
1423 3754 1458 3811 51
1477 3752 1702 3831 τἘμπιδοκλῆς,
1715 3755 1751 3823 ὥς
1763 3780 1817 3838 φη-

1041 3861 1081 3897 σιν
1097 3836 1269 3915 Ἱππόθοτος,
1281 3839 1407 3907 Μέτωνος
1418 3831 1450 3913 ήν
1465 3839 1520 3908 cil<
1531 3847 1578 3901 τοῦ
1592 3842 1814 3919 Ἐμπεδοκλέους,

1043 3926 1252 4008 Ἀκραγαντῖνος.
1271 3926 1310 3988 Τὸ
1328 3928 1351 3986 δ’
1374 3927 1439 3987 elci
1458 3927 1504 3987 καί
1518 3928 1668 4007 Τίμαιος...
1684 3931 1728 3989 καὶ
1743 3929 1814 4008 Ἕρ-

1042 4038 1180 4092 μιππος...
1194 4013 1274 4094 Λέγει
1288 4012 1316 4074 δέ
1332 4014 1378 4074 καί
1391 4014 1585 4095 Ἐρατοσθένης
1598 4019 1625 4074 δν
1639 4025 1691 4083 τοῖς
1708 4017 1812 4092 Ὀλυμ-

1040 4102 1169 4169 πιονίκαις
1183 4102 1231 4168 τήν
1243 4101 1351 4180 πρώτην
1364 4104 1409 4160 καί
1425 4100 1625 4179 έάδομηκοστλν
1641 4102 1814 4176 Ὀλυμπιάδα

1040 4272 1084 4318 aut
1102 4269 1240 4319 Alexameni
1252 4269 1302 4318 Tei
1320 4269 1439 4332 dialogos,
1458 4269 1497 4332 qui
1522 4268 1590 4330 primi
1608 4267 1736 4331 conscripti
1758 4275 1813 4319 sunt

1038 4355 1151 4404 Socratici
1173 4359 1318 4406 mimonesi
1335 4376 1347 4399 ν
1365 4355 1458 4414 Quibus
1472 4355 1552 4404 verbis
1567 4354 1691 4417 perspicue
1709 4355 1816 4406 declarat

1038 4441 1191 4514 doctissimus
1199 4443 1338 4495 Aristoieles
1349 4447 1405 4494 sate
1419 4444 1543 4494 Platonem
1565 4443 1690 4505 scripsisse
1709 4443 1816 4507 dialogos

1041 4531 1221 4580 Alexamenum.
1368 4538 1370 4541 ·

1417 4651 1441 4694 2.

1071 4764 1193 4814 orationis
1209 4766 1315 4815 Platonis
1334 4777 1412 4827 grans
1431 4764 1494 4814 inter
1513 4776 1609 4812 carmen
1631 4765 1656 4812 et
1679 4761 1813 4821 pedestrem

1040 4853 1171 4902 orzilionem
1184 4852 1290 4902 medium
1299 4855 1380 4901 lettere
1388 4851 1422 4901 ait
1436 4849 1585 4901 amonem.

1413 4977 1436 5022 3.

1074 5100 1245 5165 Empedocles,
1258 5105 1285 5151 ut
1296 5101 1330 5151 sit
1346 5102 1509 5165 ilippobolus,
1520 5103 1622 5154 Metonis
1635 5102 1677 5153 iiiii
1691 5103 1811 5166 Empedo-

1042 5187 1087 5237 clis
1102 5186 1165 5238 iiiios
1180 5188 1238 5248 iuli,
1250 5189 1425 5251 Agrigentinus.
1458 5190 1524 5240 idem
1536 5194 1560 5240 et
1571 5190 1705 5242 Timms...
1717 5193 1742 5240 et
1753 5193 1816 5240 lior·
