<?xml version="1.0" encoding="UTF-8"?>
<!DOCTYPE html PUBLIC "-//W3C//DTD XHTML 1.0 Transitional//EN"
    "http://www.w3.org/TR/xhtml1/DTD/xhtml1-transitional.dtd">
<html xmlns="http://www.w3.org/1999/xhtml" xml:lang="en" lang="en">
 <head>
  <title>
</title>
<meta http-equiv="Content-Type" content="text/html;charset=utf-8" />
  <meta name='ocr-system' content='tesseract 3.04.00' />
  <meta name='ocr-capabilities' content='ocr_page ocr_carea ocr_par ocr_line ocrx_word'/>
</head>
<body>
  <div class='ocr_page' id='page_1' title='image "./fragmentaaristo01heitgoog/fragmentaaristo01heitgoog_0153.png"; bbox 0 0 4017 5984; ppageno 0'>
   <div class='ocr_carea' id='block_1_1' title="bbox 817 408 1060 471">
    <p class='ocr_par' dir='ltr' id='par_1_1' title="bbox 817 408 1060 471">
     <span class='ocr_line' id='line_1_1' title="bbox 817 408 1060 471; baseline -0.029 1"><span class='ocrx_word' id='word_1_1' title='bbox 817 410 868 471; x_wconf 82' lang='lat' dir='ltr'><strong>DE</strong></span> <span class='ocrx_word' id='word_1_2' title='bbox 888 408 1060 471; x_wconf 71' lang='lat' dir='ltr'><strong>ronnei.</strong></span> 
     </span>
    </p>
   </div>
   <div class='ocr_carea' id='block_1_2' title="bbox 138 542 923 988">
    <p class='ocr_par' dir='ltr' id='par_1_2' title="bbox 138 542 923 988">
     <span class='ocr_line' id='line_1_2' title="bbox 138 542 921 635; baseline -0.015 -21"><span class='ocrx_word' id='word_1_3' title='bbox 138 553 190 635; x_wconf 75' lang='grc' dir='ltr'><strong>γὰρ</strong></span> <span class='ocrx_word' id='word_1_4' title='bbox 209 552 445 634; x_wconf 78' lang='grc' dir='ltr'>Ἀριστοτέλης</span> <span class='ocrx_word' id='word_1_5' title='bbox 458 548 522 629; x_wconf 79' lang='grc' dir='ltr'>ρησλ</span> <span class='ocrx_word' id='word_1_6' title='bbox 544 548 597 608; x_wconf 84' lang='grc' dir='ltr'>δεῖν</span> <span class='ocrx_word' id='word_1_7' title='bbox 617 547 661 606; x_wconf 81' lang='grc' dir='ltr'><strong>τὸν</strong></span> <span class='ocrx_word' id='word_1_8' title='bbox 684 544 834 621; x_wconf 80' lang='grc' dir='ltr'>σύμύουλον</span> <span class='ocrx_word' id='word_1_9' title='bbox 853 542 921 602; x_wconf 71' lang='grc' dir='ltr'>οὕτω</span> 
     </span>
     <span class='ocr_line' id='line_1_3' title="bbox 139 631 922 722; baseline -0.022 -17"><span class='ocrx_word' id='word_1_10' title='bbox 139 641 326 722; x_wconf 73' lang='grc' dir='ltr'>συμὸουλεύειν</span> <span class='ocrx_word' id='word_1_11' title='bbox 345 642 380 708; x_wconf 80' lang='grc' dir='ltr'>ὡς</span> <span class='ocrx_word' id='word_1_12' title='bbox 407 638 500 699; x_wconf 72' lang='grc' dir='ltr'>ἑαυτὸν</span> <span class='ocrx_word' id='word_1_13' title='bbox 515 634 645 714; x_wconf 89' lang='grc' dir='ltr'>μέλλοντα</span> <span class='ocrx_word' id='word_1_14' title='bbox 671 634 802 692; x_wconf 83' lang='grc' dir='ltr'>κοινωνεῖν</span> <span class='ocrx_word' id='word_1_15' title='bbox 821 631 922 698; x_wconf 77' lang='grc' dir='ltr'>τούτοις</span> 
     </span>
     <span class='ocr_line' id='line_1_4' title="bbox 140 719 923 813; baseline -0.019 -23"><span class='ocrx_word' id='word_1_16' title='bbox 140 731 182 813; x_wconf 71' lang='grc' dir='ltr'><strong>ἐφ’</strong></span> <span class='ocrx_word' id='word_1_17' title='bbox 199 723 237 799; x_wconf 80' lang='grc' dir='ltr'>οἷς</span> <span class='ocrx_word' id='word_1_18' title='bbox 250 738 363 788; x_wconf 87' lang='grc' dir='ltr'>ποιεῖται</span> <span class='ocrx_word' id='word_1_19' title='bbox 374 727 421 799; x_wconf 77' lang='grc' dir='ltr'><strong>τῆν</strong></span> <span class='ocrx_word' id='word_1_20' title='bbox 433 724 597 803; x_wconf 79' lang='grc' dir='ltr'>συμύουλῆν.</span> <span class='ocrx_word' id='word_1_21' title='bbox 605 720 715 789; x_wconf 81' lang='grc' dir='ltr'>Τούτοις</span> <span class='ocrx_word' id='word_1_22' title='bbox 726 719 777 798; x_wconf 85' lang='grc' dir='ltr'>γδιρ</span> <span class='ocrx_word' id='word_1_23' title='bbox 791 720 923 779; x_wconf 79' lang='grc' dir='ltr'>πείθονται</span> 
     </span>
     <span class='ocr_line' id='line_1_5' title="bbox 141 796 922 901; baseline -0.024 -20"><span class='ocrx_word' id='word_1_24' title='bbox 141 823 252 901; x_wconf 73' lang='grc' dir='ltr'>μᾶλλον,</span> <span class='ocrx_word' id='word_1_25' title='bbox 270 816 314 885; x_wconf 79' lang='grc' dir='ltr'>οὓς</span> <span class='ocrx_word' id='word_1_26' title='bbox 328 816 360 876; x_wconf 77' lang='grc' dir='ltr'><strong>δν</strong></span> <span class='ocrx_word' id='word_1_27' title='bbox 375 818 469 897; x_wconf 82' lang='grc' dir='ltr'>δρῶσιν</span> <span class='ocrx_word' id='word_1_28' title='bbox 478 813 596 888; x_wconf 76' lang='grc' dir='ltr'>ἑτοίμους</span> <span class='ocrx_word' id='word_1_29' title='bbox 607 810 683 875; x_wconf 83' lang='grc' dir='ltr'>ὄντας</span> <span class='ocrx_word' id='word_1_30' title='bbox 698 805 873 885; x_wconf 72' lang='grc' dir='ltr'>συμμετέχειν</span> <span class='ocrx_word' id='word_1_31' title='bbox 886 796 922 864; x_wconf 73' lang='grc' dir='ltr'><strong>ὧν</strong></span> 
     </span>
     <span class='ocr_line' id='line_1_6' title="bbox 142 904 483 988; baseline -0.029 -17"><span class='ocrx_word' id='word_1_32' title='bbox 142 908 329 988; x_wconf 77' lang='grc' dir='ltr'>συμύουλιύειν</span> <span class='ocrx_word' id='word_1_33' title='bbox 343 904 483 982; x_wconf 67' lang='grc' dir='ltr'>έγνώκασιζ</span> 
     </span>
    </p>
   </div>
   <div class='ocr_carea' id='block_1_3' title="bbox 362 1051 704 1119">
    <p class='ocr_par' dir='ltr' id='par_1_3' title="bbox 362 1051 704 1119">
     <span class='ocr_line' id='line_1_7' title="bbox 362 1051 704 1119; baseline -0.023 0"><span class='ocrx_word' id='word_1_34' title='bbox 362 1058 452 1119; x_wconf 80' lang='grc' dir='ltr'><strong>ΠΕΡΙ</strong></span> <span class='ocrx_word' id='word_1_35' title='bbox 475 1051 704 1115; x_wconf 82' lang='grc' dir='ltr'><strong>ΠθΙΗΤΙΚΗΣ.</strong></span> 
     </span>
    </p>
   </div>
   <div class='ocr_carea' id='block_1_4' title="bbox 144 1211 925 1391">
    <p class='ocr_par' dir='ltr' id='par_1_4' title="bbox 144 1211 925 1391">
     <span class='ocr_line' id='line_1_8' title="bbox 184 1211 925 1290; baseline -0.036 0"><span class='ocrx_word' id='word_1_36' title='bbox 184 1230 265 1290; x_wconf 86' lang='lat' dir='ltr'><strong>luter</strong></span> <span class='ocrx_word' id='word_1_37' title='bbox 273 1243 373 1285; x_wconf 89' lang='lat' dir='ltr'><strong>omnes</strong></span> <span class='ocrx_word' id='word_1_38' title='bbox 382 1220 471 1279; x_wconf 88' lang='lat' dir='ltr'><strong>hodie</strong></span> <span class='ocrx_word' id='word_1_39' title='bbox 482 1216 627 1286; x_wconf 81' lang='lat' dir='ltr'><strong>convenit,</strong></span> <span class='ocrx_word' id='word_1_40' title='bbox 639 1214 751 1273; x_wconf 89' lang='lat' dir='ltr'><strong>librum</strong></span> <span class='ocrx_word' id='word_1_41' title='bbox 765 1211 825 1289; x_wconf 84' lang='grc' dir='ltr'>περὶ</span> <span class='ocrx_word' id='word_1_42' title='bbox 839 1213 925 1279; x_wconf 83' lang='grc' dir='ltr'>Ποιη-</span> 
     </span>
     <span class='ocr_line' id='line_1_9' title="bbox 144 1301 923 1391; baseline -0.035 -11"><span class='ocrx_word' id='word_1_43' title='bbox 144 1324 219 1390; x_wconf 83' lang='grc' dir='ltr'>τικῆς</span> <span class='ocrx_word' id='word_1_44' title='bbox 240 1314 411 1391; x_wconf 87' lang='lat' dir='ltr'><strong>inscriptum</strong></span> <span class='ocrx_word' id='word_1_45' title='bbox 440 1324 574 1365; x_wconf 85' lang='lat' dir='ltr'><strong>mancum</strong></span> <span class='ocrx_word' id='word_1_46' title='bbox 597 1318 683 1380; x_wconf 86' lang='lat' dir='ltr'><strong>atque</strong></span> <span class='ocrx_word' id='word_1_47' title='bbox 703 1301 837 1360; x_wconf 89' lang='lat' dir='ltr'><strong>mutilum</strong></span> <span class='ocrx_word' id='word_1_48' title='bbox 850 1316 923 1368; x_wconf 86' lang='lat' dir='ltr'><strong>esse,</strong></span> 
     </span>
    </p>
   </div>
   <div class='ocr_carea' id='block_1_5' title="bbox 146 1385 956 5018">
    <p class='ocr_par' dir='ltr' id='par_1_5' title="bbox 146 1385 956 5018">
     <span class='ocr_line' id='line_1_10' title="bbox 146 1385 924 1486; baseline -0.037 -15"><span class='ocrx_word' id='word_1_49' title='bbox 146 1411 273 1486; x_wconf 83' lang='lat' dir='ltr'><strong>satisque</strong></span> <span class='ocrx_word' id='word_1_50' title='bbox 297 1404 497 1462; x_wconf 83' lang='lat' dir='ltr'><strong>demonstrant</strong></span> <span class='ocrx_word' id='word_1_51' title='bbox 519 1396 614 1473; x_wconf 91' lang='lat' dir='ltr'><strong>ipsius</strong></span> <span class='ocrx_word' id='word_1_52' title='bbox 633 1389 801 1471; x_wconf 78' lang='lat' dir='ltr'>philosophi</span> <span class='ocrx_word' id='word_1_53' title='bbox 822 1385 924 1458; x_wconf 84' lang='lat' dir='ltr'><strong>rerba,</strong></span> 
     </span>
     <span class='ocr_line' id='line_1_11' title="bbox 147 1475 924 1575; baseline -0.037 -16"><span class='ocrx_word' id='word_1_54' title='bbox 147 1520 212 1560; x_wconf 90' lang='lat' dir='ltr'><strong>cum</strong></span> <span class='ocrx_word' id='word_1_55' title='bbox 225 1514 289 1575; x_wconf 80' lang='lat' dir='ltr'><strong>quae</strong></span> <span class='ocrx_word' id='word_1_56' title='bbox 299 1492 437 1567; x_wconf 84' lang='lat' dir='ltr'><strong>leguntur</strong></span> <span class='ocrx_word' id='word_1_57' title='bbox 444 1485 531 1546; x_wconf 90' lang='lat' dir='ltr'><strong>initio</strong></span> <span class='ocrx_word' id='word_1_58' title='bbox 545 1483 641 1542; x_wconf 79' lang='lat' dir='ltr'><strong>statim</strong></span> <span class='ocrx_word' id='word_1_59' title='bbox 655 1480 747 1538; x_wconf 85' lang='lat' dir='ltr'>libri:</span> <span class='ocrx_word' id='word_1_60' title='bbox 765 1475 832 1555; x_wconf 77' lang='grc' dir='ltr'>Περὶ</span> <span class='ocrx_word' id='word_1_61' title='bbox 845 1498 924 1547; x_wconf 81' lang='grc' dir='ltr'>ποιη-</span> 
     </span>
     <span class='ocr_line' id='line_1_12' title="bbox 147 1565 927 1659; baseline -0.037 -12"><span class='ocrx_word' id='word_1_62' title='bbox 147 1592 222 1659; x_wconf 86' lang='grc' dir='ltr'>τικῆς</span> <span class='ocrx_word' id='word_1_63' title='bbox 242 1584 323 1652; x_wconf 81' lang='grc' dir='ltr'>αὐτῆς</span> <span class='ocrx_word' id='word_1_64' title='bbox 335 1601 363 1637; x_wconf 84' lang='grc' dir='ltr'><strong>τε</strong></span> <span class='ocrx_word' id='word_1_65' title='bbox 379 1576 425 1635; x_wconf 75' lang='grc' dir='ltr'>καὶ</span> <span class='ocrx_word' id='word_1_66' title='bbox 439 1578 491 1634; x_wconf 75' lang='grc' dir='ltr'>τιῖιν</span> <span class='ocrx_word' id='word_1_67' title='bbox 502 1572 577 1632; x_wconf 58' lang='lat' dir='ltr'><strong>ellos</strong></span> <span class='ocrx_word' id='word_1_68' title='bbox 598 1572 686 1642; x_wconf 80' lang='grc' dir='ltr'>αύτῆς,</span> <span class='ocrx_word' id='word_1_69' title='bbox 709 1566 800 1639; x_wconf 71' lang='grc' dir='ltr'>ἥντινα</span> <span class='ocrx_word' id='word_1_70' title='bbox 817 1565 927 1639; x_wconf 87' lang='grc' dir='ltr'>δύναμιν</span> 
     </span>
     <span class='ocr_line' id='line_1_13' title="bbox 148 1642 928 1750; baseline -0.038 -14"><span class='ocrx_word' id='word_1_71' title='bbox 148 1676 257 1737; x_wconf 73' lang='grc' dir='ltr'>ἕκαστον</span> <span class='ocrx_word' id='word_1_72' title='bbox 274 1670 339 1750; x_wconf 83' lang='grc' dir='ltr'>ἔχει,</span> <span class='ocrx_word' id='word_1_73' title='bbox 355 1664 485 1741; x_wconf 87' lang='grc' dir='ltr'>λέγωμεν·</span> <span class='ocrx_word' id='word_1_74' title='bbox 505 1663 569 1722; x_wconf 83' lang='lat' dir='ltr'><strong>sive</strong></span> <span class='ocrx_word' id='word_1_75' title='bbox 583 1681 611 1718; x_wconf 90' lang='lat' dir='ltr'><strong>c.</strong></span> <span class='ocrx_word' id='word_1_76' title='bbox 627 1658 658 1730; x_wconf 91' lang='lat'><strong>6,</strong></span> <span class='ocrx_word' id='word_1_77' title='bbox 676 1677 689 1715; x_wconf 91' lang='lat'>1</span> <span class='ocrx_word' id='word_1_78' title='bbox 708 1655 798 1731; x_wconf 65' lang='lat' dir='ltr'><strong>:nupt</strong></span> <span class='ocrx_word' id='word_1_79' title='bbox 815 1650 862 1730; x_wconf 79' lang='grc' dir='ltr'><strong>μὲν</strong></span> <span class='ocrx_word' id='word_1_80' title='bbox 883 1642 928 1708; x_wconf 76' lang='grc' dir='ltr'><strong>σύν</strong></span> 
     </span>
     <span class='ocr_line' id='line_1_14' title="bbox 149 1738 931 1837; baseline -0.037 -14"><span class='ocrx_word' id='word_1_81' title='bbox 149 1771 194 1837; x_wconf 85' lang='grc' dir='ltr'><strong>τῆς</strong></span> <span class='ocrx_word' id='word_1_82' title='bbox 209 1766 236 1822; x_wconf 84' lang='grc' dir='ltr'><strong>έν</strong></span> <span class='ocrx_word' id='word_1_83' title='bbox 249 1757 401 1837; x_wconf 73' lang='grc' dir='ltr'>ἑξαμέτροις</span> <span class='ocrx_word' id='word_1_84' title='bbox 415 1754 560 1830; x_wconf 86' lang='grc' dir='ltr'>μιμητικῆς</span> <span class='ocrx_word' id='word_1_85' title='bbox 575 1746 620 1806; x_wconf 80' lang='grc' dir='ltr'>καί</span> <span class='ocrx_word' id='word_1_86' title='bbox 633 1746 695 1825; x_wconf 83' lang='grc' dir='ltr'>περὶ</span> <span class='ocrx_word' id='word_1_87' title='bbox 705 1739 846 1821; x_wconf 68' lang='grc' dir='ltr'>κωμωδίας</span> <span class='ocrx_word' id='word_1_88' title='bbox 855 1738 931 1798; x_wconf 77' lang='grc' dir='ltr'>ὓστε-</span> 
     </span>
     <span class='ocr_line' id='line_1_15' title="bbox 152 1826 929 1934; baseline -0.036 -22"><span class='ocrx_word' id='word_1_89' title='bbox 152 1877 195 1934; x_wconf 90' lang='grc' dir='ltr'><strong>ρον</strong></span> <span class='ocrx_word' id='word_1_90' title='bbox 211 1853 331 1931; x_wconf 70' lang='grc' dir='ltr'>ἐροῦμεν·</span> <span class='ocrx_word' id='word_1_91' title='bbox 353 1857 415 1903; x_wconf 91' lang='lat' dir='ltr'><strong>tum</strong></span> <span class='ocrx_word' id='word_1_92' title='bbox 438 1842 527 1899; x_wconf 82' lang='lat' dir='ltr'><strong>etiam</strong></span> <span class='ocrx_word' id='word_1_93' title='bbox 541 1839 573 1896; x_wconf 91' lang='lat' dir='ltr'><strong>in</strong></span> <span class='ocrx_word' id='word_1_94' title='bbox 592 1834 712 1893; x_wconf 86' lang='lat' dir='ltr'><strong>llhetor.</strong></span> <span class='ocrx_word' id='word_1_95' title='bbox 728 1833 753 1903; x_wconf 94' lang='lat' dir='ltr'><strong>l,</strong></span> <span class='ocrx_word' id='word_1_96' title='bbox 771 1832 790 1889; x_wconf 89' lang='lat'>6</span> <span class='ocrx_word' id='word_1_97' title='bbox 806 1851 813 1886; x_wconf 90' lang='lat'>:</span> <span class='ocrx_word' id='word_1_98' title='bbox 829 1826 929 1906; x_wconf 87' lang='grc' dir='ltr'>Διώρι-</span> 
     </span>
     <span class='ocr_line' id='line_1_16' title="bbox 150 1917 929 2015; baseline -0.037 -14"><span class='ocrx_word' id='word_1_99' title='bbox 150 1966 210 2001; x_wconf 83' lang='grc' dir='ltr'>σται</span> <span class='ocrx_word' id='word_1_100' title='bbox 225 1939 252 1998; x_wconf 84' lang='grc' dir='ltr'><strong>δὲ</strong></span> <span class='ocrx_word' id='word_1_101' title='bbox 267 1934 327 2015; x_wconf 76' lang='grc' dir='ltr'>περὶ</span> <span class='ocrx_word' id='word_1_102' title='bbox 349 1929 457 2009; x_wconf 80' lang='grc' dir='ltr'>γελοίων</span> <span class='ocrx_word' id='word_1_103' title='bbox 479 1924 559 2006; x_wconf 78' lang='grc' dir='ltr'>χωρίς</span> <span class='ocrx_word' id='word_1_104' title='bbox 582 1927 609 1983; x_wconf 74' lang='grc' dir='ltr'><strong>έν</strong></span> <span class='ocrx_word' id='word_1_105' title='bbox 629 1922 683 1988; x_wconf 83' lang='grc' dir='ltr'>τοῖς</span> <span class='ocrx_word' id='word_1_106' title='bbox 696 1920 757 1998; x_wconf 82' lang='grc' dir='ltr'>περί</span> <span class='ocrx_word' id='word_1_107' title='bbox 772 1917 929 1989; x_wconf 87' lang='grc' dir='ltr'>Ποιητικῆς.</span> 
     </span>
     <span class='ocr_line' id='line_1_17' title="bbox 151 2010 930 2102; baseline -0.037 -12"><span class='ocrx_word' id='word_1_108' title='bbox 151 2030 248 2102; x_wconf 86' lang='lat' dir='ltr'><strong>Unde,</strong></span> <span class='ocrx_word' id='word_1_109' title='bbox 259 2042 348 2101; x_wconf 88' lang='lat' dir='ltr'><strong>quum</strong></span> <span class='ocrx_word' id='word_1_110' title='bbox 364 2018 440 2078; x_wconf 83' lang='lat' dir='ltr'>nihil</span> <span class='ocrx_word' id='word_1_111' title='bbox 451 2035 553 2075; x_wconf 87' lang='lat' dir='ltr'><strong>eorum</strong></span> <span class='ocrx_word' id='word_1_112' title='bbox 565 2032 629 2091; x_wconf 90' lang='lat' dir='ltr'><strong>quae</strong></span> <span class='ocrx_word' id='word_1_113' title='bbox 642 2010 692 2069; x_wconf 87' lang='lat' dir='ltr'><strong>hic</strong></span> <span class='ocrx_word' id='word_1_114' title='bbox 700 2029 731 2068; x_wconf 88' lang='lat' dir='ltr'><strong>sc</strong></span> <span class='ocrx_word' id='word_1_115' title='bbox 742 2014 930 2066; x_wconf 85' lang='lat' dir='ltr'><strong>tractaturum</strong></span> 
     </span>
     <span class='ocr_line' id='line_1_18' title="bbox 151 2091 932 2200; baseline -0.038 -22"><span class='ocrx_word' id='word_1_116' title='bbox 151 2118 310 2200; x_wconf 86' lang='lat' dir='ltr'><strong>pollicetur</strong></span> <span class='ocrx_word' id='word_1_117' title='bbox 335 2103 519 2178; x_wconf 63' lang='lat' dir='ltr'><strong>Aristoteles,</strong></span> <span class='ocrx_word' id='word_1_118' title='bbox 538 2101 601 2160; x_wconf 83' lang='lat' dir='ltr'><strong>sive</strong></span> <span class='ocrx_word' id='word_1_119' title='bbox 625 2098 662 2156; x_wconf 88' lang='lat' dir='ltr'><strong>de</strong></span> <span class='ocrx_word' id='word_1_120' title='bbox 687 2095 794 2174; x_wconf 85' lang='lat' dir='ltr'><strong>quibus</strong></span> <span class='ocrx_word' id='word_1_121' title='bbox 813 2106 846 2152; x_wconf 93' lang='grc' dir='ltr'><strong>ιιι</strong></span> <span class='ocrx_word' id='word_1_122' title='bbox 870 2091 932 2169; x_wconf 85' lang='lat' dir='ltr'><strong>jam</strong></span> 
     </span>
     <span class='ocr_line' id='line_1_19' title="bbox 152 2180 934 2276; baseline -0.04 -8"><span class='ocrx_word' id='word_1_123' title='bbox 152 2203 281 2267; x_wconf 86' lang='lat' dir='ltr'><strong>tractatis</strong></span> <span class='ocrx_word' id='word_1_124' title='bbox 291 2198 433 2276; x_wconf 87' lang='lat' dir='ltr'><strong>loquitor,</strong></span> <span class='ocrx_word' id='word_1_125' title='bbox 450 2192 482 2250; x_wconf 91' lang='lat' dir='ltr'><strong>in</strong></span> <span class='ocrx_word' id='word_1_126' title='bbox 496 2210 531 2248; x_wconf 91' lang='lat' dir='ltr'><strong>eo</strong></span> <span class='ocrx_word' id='word_1_127' title='bbox 540 2206 627 2267; x_wconf 86' lang='lat' dir='ltr'><strong>quem</strong></span> <span class='ocrx_word' id='word_1_128' title='bbox 640 2183 782 2242; x_wconf 86' lang='lat' dir='ltr'><strong>habemus</strong></span> <span class='ocrx_word' id='word_1_129' title='bbox 796 2181 876 2241; x_wconf 89' lang='lat' dir='ltr'><strong>libro</strong></span> <span class='ocrx_word' id='word_1_130' title='bbox 891 2180 934 2238; x_wconf 62' lang='lat' dir='ltr'><strong>lc</strong></span> 
     </span>
     <span class='ocr_line' id='line_1_20' title="bbox 154 2276 933 2374; baseline -0.042 -18"><span class='ocrx_word' id='word_1_131' title='bbox 154 2309 250 2374; x_wconf 83' lang='lat' dir='ltr'><strong>gutur,</strong></span> <span class='ocrx_word' id='word_1_132' title='bbox 285 2283 449 2348; x_wconf 85' lang='lat' dir='ltr'><strong>necessario</strong></span> <span class='ocrx_word' id='word_1_133' title='bbox 476 2276 666 2355; x_wconf 79' lang='lat' dir='ltr'><strong>consequitur</strong></span> <span class='ocrx_word' id='word_1_134' title='bbox 692 2285 803 2351; x_wconf 85' lang='lat' dir='ltr'><strong>portem</strong></span> <span class='ocrx_word' id='word_1_135' title='bbox 823 2282 933 2327; x_wconf 86' lang='lat' dir='ltr'><strong>tantum</strong></span> 
     </span>
     <span class='ocr_line' id='line_1_21' title="bbox 154 2356 934 2453; baseline -0.04 -9"><span class='ocrx_word' id='word_1_136' title='bbox 154 2383 242 2443; x_wconf 91' lang='lat' dir='ltr'><strong>modo</strong></span> <span class='ocrx_word' id='word_1_137' title='bbox 253 2373 359 2453; x_wconf 82' lang='lat' dir='ltr'>integri</span> <span class='ocrx_word' id='word_1_138' title='bbox 379 2370 479 2451; x_wconf 89' lang='lat' dir='ltr'><strong>operis</strong></span> <span class='ocrx_word' id='word_1_139' title='bbox 493 2379 637 2428; x_wconf 84' lang='lat' dir='ltr'><strong>servatam</strong></span> <span class='ocrx_word' id='word_1_140' title='bbox 649 2381 723 2421; x_wconf 85' lang='lat' dir='ltr'><strong>esse.</strong></span> <span class='ocrx_word' id='word_1_141' title='bbox 737 2359 824 2431; x_wconf 79' lang='lat' dir='ltr'><strong>Quod</strong></span> <span class='ocrx_word' id='word_1_142' title='bbox 848 2370 878 2416; x_wconf 87' lang='lat' dir='ltr'><strong>et</strong></span> <span class='ocrx_word' id='word_1_143' title='bbox 896 2356 934 2415; x_wconf 89' lang='lat' dir='ltr'><strong>ti·</strong></span> 
     </span>
     <span class='ocr_line' id='line_1_22' title="bbox 155 2448 935 2537; baseline -0.042 -3"><span class='ocrx_word' id='word_1_144' title='bbox 155 2477 222 2534; x_wconf 88' lang='lat' dir='ltr'><strong>tulis</strong></span> <span class='ocrx_word' id='word_1_145' title='bbox 239 2468 429 2529; x_wconf 80' lang='lat' dir='ltr'><strong>confirmatur</strong></span> <span class='ocrx_word' id='word_1_146' title='bbox 440 2462 491 2537; x_wconf 91' lang='lat' dir='ltr'><strong>qui</strong></span> <span class='ocrx_word' id='word_1_147' title='bbox 505 2457 593 2517; x_wconf 89' lang='lat' dir='ltr'><strong>unice</strong></span> <span class='ocrx_word' id='word_1_148' title='bbox 612 2452 737 2514; x_wconf 87' lang='lat' dir='ltr'><strong>adhunc</strong></span> <span class='ocrx_word' id='word_1_149' title='bbox 747 2448 855 2507; x_wconf 85' lang='lat' dir='ltr'><strong>librum</strong></span> <span class='ocrx_word' id='word_1_150' title='bbox 871 2466 935 2523; x_wconf 88' lang='lat' dir='ltr'><strong>spe-</strong></span> 
     </span>
     <span class='ocr_line' id='line_1_23' title="bbox 157 2530 935 2635; baseline -0.044 -13"><span class='ocrx_word' id='word_1_151' title='bbox 157 2576 233 2622; x_wconf 83' lang='lat' dir='ltr'><strong>ctare</strong></span> <span class='ocrx_word' id='word_1_152' title='bbox 249 2564 372 2635; x_wconf 81' lang='lat' dir='ltr'><strong>possunt</strong></span> <span class='ocrx_word' id='word_1_153' title='bbox 390 2571 398 2607; x_wconf 82' lang='lat' dir='ltr'><strong>t</strong></span> <span class='ocrx_word' id='word_1_154' title='bbox 414 2541 594 2627; x_wconf 75' lang='grc' dir='ltr'>Πραγματεία</span> <span class='ocrx_word' id='word_1_155' title='bbox 607 2539 702 2619; x_wconf 89' lang='grc' dir='ltr'>τέχνης</span> <span class='ocrx_word' id='word_1_156' title='bbox 714 2540 852 2608; x_wconf 74' lang='grc' dir='ltr'>ποιητικῆς</span> <span class='ocrx_word' id='word_1_157' title='bbox 868 2530 935 2611; x_wconf 75' lang='grc' dir='ltr'>α’β’,</span> 
     </span>
     <span class='ocr_line' id='line_1_24' title="bbox 157 2624 937 2731; baseline -0.04 -20"><span class='ocrx_word' id='word_1_158' title='bbox 157 2650 234 2731; x_wconf 78' lang='lat' dir='ltr'><strong>apud</strong></span> <span class='ocrx_word' id='word_1_159' title='bbox 243 2650 365 2720; x_wconf 83' lang='lat' dir='ltr'>Diogen.</span> <span class='ocrx_word' id='word_1_160' title='bbox 375 2638 472 2697; x_wconf 70' lang='lat' dir='ltr'><strong>locst.</strong></span> <span class='ocrx_word' id='word_1_161' title='bbox 487 2635 535 2706; x_wconf 95' lang='grc'><strong>83,</strong></span> <span class='ocrx_word' id='word_1_162' title='bbox 546 2630 652 2711; x_wconf 78' lang='grc' dir='ltr'>Τέχνης</span> <span class='ocrx_word' id='word_1_163' title='bbox 665 2632 804 2696; x_wconf 79' lang='grc' dir='ltr'>ποιητικῆς</span> <span class='ocrx_word' id='word_1_164' title='bbox 819 2625 843 2704; x_wconf 84' lang='grc' dir='ltr'><strong>β’</strong></span> <span class='ocrx_word' id='word_1_165' title='bbox 860 2624 937 2703; x_wconf 82' lang='lat' dir='ltr'><strong>apud</strong></span> 
     </span>
     <span class='ocr_line' id='line_1_25' title="bbox 157 2712 936 2812; baseline -0.035 -14"><span class='ocrx_word' id='word_1_166' title='bbox 157 2742 348 2812; x_wconf 74' lang='lat' dir='ltr'><strong>Anonymum</strong></span> <span class='ocrx_word' id='word_1_167' title='bbox 369 2725 422 2805; x_wconf 70' lang='grc' dir='ltr'>(ι),</span> <span class='ocrx_word' id='word_1_168' title='bbox 440 2737 468 2783; x_wconf 87' lang='lat' dir='ltr'><strong>ct</strong></span> <span class='ocrx_word' id='word_1_169' title='bbox 481 2722 595 2800; x_wconf 76' lang='lat' dir='ltr'><strong>Aspasii</strong></span> <span class='ocrx_word' id='word_1_170' title='bbox 606 2715 786 2785; x_wconf 86' lang='lat' dir='ltr'><strong>testimonio,</strong></span> <span class='ocrx_word' id='word_1_171' title='bbox 798 2716 830 2772; x_wconf 94' lang='lat' dir='ltr'><strong>in</strong></span> <span class='ocrx_word' id='word_1_172' title='bbox 846 2712 936 2771; x_wconf 79' lang='lat' dir='ltr'><strong>Arist.</strong></span> 
     </span>
     <span class='ocr_line' id='line_1_26' title="bbox 158 2800 939 2887; baseline -0.042 1"><span class='ocrx_word' id='word_1_173' title='bbox 158 2827 252 2887; x_wconf 85' lang='lat' dir='ltr'><strong>Ethic.</strong></span> <span class='ocrx_word' id='word_1_174' title='bbox 268 2820 385 2879; x_wconf 86' lang='lat' dir='ltr'><strong>Nicom.</strong></span> <span class='ocrx_word' id='word_1_175' title='bbox 402 2813 454 2871; x_wconf 81' lang='lat' dir='ltr'><strong>iol.</strong></span> <span class='ocrx_word' id='word_1_176' title='bbox 470 2810 508 2885; x_wconf 81' lang='lat'><strong>95</strong></span> <span class='ocrx_word' id='word_1_177' title='bbox 519 2826 606 2866; x_wconf 78' lang='lat' dir='ltr'><strong>verso</strong></span> <span class='ocrx_word' id='word_1_178' title='bbox 623 2802 808 2881; x_wconf 78' lang='grc' dir='ltr'>τΜνημονεύει</span> <span class='ocrx_word' id='word_1_179' title='bbox 819 2802 841 2859; x_wconf 89' lang='grc' dir='ltr'><strong>δ’</strong></span> <span class='ocrx_word' id='word_1_180' title='bbox 858 2800 939 2869; x_wconf 78' lang='grc' dir='ltr'>αὐτῆς</span> 
     </span>
     <span class='ocr_line' id='line_1_27' title="bbox 160 2888 939 2992; baseline -0.04 -19"><span class='ocrx_word' id='word_1_181' title='bbox 160 2919 221 2992; x_wconf 71' lang='grc' dir='ltr'>(τῆς</span> <span class='ocrx_word' id='word_1_182' title='bbox 242 2906 375 2979; x_wconf 66' lang='grc' dir='ltr'>ποιήσεως</span> <span class='ocrx_word' id='word_1_183' title='bbox 390 2898 533 2978; x_wconf 83' lang='grc' dir='ltr'>Μαργίτης</span> <span class='ocrx_word' id='word_1_184' title='bbox 548 2892 757 2971; x_wconf 67' lang='grc' dir='ltr'>ὀνομαζομένης)</span> <span class='ocrx_word' id='word_1_185' title='bbox 772 2892 802 2949; x_wconf 86' lang='grc' dir='ltr'><strong>ού</strong></span> <span class='ocrx_word' id='word_1_186' title='bbox 816 2889 895 2965; x_wconf 85' lang='grc' dir='ltr'>μόνον</span> <span class='ocrx_word' id='word_1_187' title='bbox 913 2888 939 2944; x_wconf 84' lang='grc' dir='ltr'><strong>ἐν</strong></span> 
     </span>
     <span class='ocr_line' id='line_1_28' title="bbox 159 2973 941 3084; baseline -0.033 -25"><span class='ocrx_word' id='word_1_188' title='bbox 159 3009 197 3084; x_wconf 78' lang='grc' dir='ltr'><strong>τῷ</strong></span> <span class='ocrx_word' id='word_1_189' title='bbox 211 2999 309 3080; x_wconf 81' lang='grc' dir='ltr'>πρώτῳ</span> <span class='ocrx_word' id='word_1_190' title='bbox 324 2990 385 3071; x_wconf 80' lang='grc' dir='ltr'>περὶ</span> <span class='ocrx_word' id='word_1_191' title='bbox 399 2990 557 3058; x_wconf 83' lang='grc' dir='ltr'>Ποιητικῆς,</span> <span class='ocrx_word' id='word_1_192' title='bbox 573 2980 644 3041; x_wconf 64' lang='lat' dir='ltr'><strong>&amp;tlt</strong></span> <span class='ocrx_word' id='word_1_193' title='bbox 665 2980 711 3038; x_wconf 83' lang='grc' dir='ltr'>καλ</span> <span class='ocrx_word' id='word_1_194' title='bbox 729 2978 883 3058; x_wconf 80' lang='grc' dir='ltr'>Ἀρχίλοχος</span> <span class='ocrx_word' id='word_1_195' title='bbox 895 2973 941 3034; x_wconf 77' lang='grc' dir='ltr'>καὶ</span> 
     </span>
     <span class='ocr_line' id='line_1_29' title="bbox 162 3068 940 3171; baseline -0.037 -19"><span class='ocrx_word' id='word_1_196' title='bbox 162 3096 292 3171; x_wconf 79' lang='grc' dir='ltr'>Κρατῖνος</span> <span class='ocrx_word' id='word_1_197' title='bbox 312 3087 358 3144; x_wconf 82' lang='grc' dir='ltr'>καὶ</span> <span class='ocrx_word' id='word_1_198' title='bbox 388 3076 561 3153; x_wconf 81' lang='grc' dir='ltr'>Καλλίμαχος</span> <span class='ocrx_word' id='word_1_199' title='bbox 575 3074 601 3130; x_wconf 82' lang='grc' dir='ltr'><strong>ἐν</strong></span> <span class='ocrx_word' id='word_1_200' title='bbox 621 3068 852 3148; x_wconf 75' lang='grc' dir='ltr'>Ἐπιγράμμασιν,</span> <span class='ocrx_word' id='word_1_201' title='bbox 875 3085 940 3143; x_wconf 84' lang='lat' dir='ltr'><strong>quae</strong></span> 
     </span>
     <span class='ocr_line' id='line_1_30' title="bbox 162 3152 942 3240; baseline -0.042 0"><span class='ocrx_word' id='word_1_202' title='bbox 162 3182 198 3240; x_wconf 87' lang='lat' dir='ltr'><strong>ad</strong></span> <span class='ocrx_word' id='word_1_203' title='bbox 217 3178 302 3237; x_wconf 82' lang='lat' dir='ltr'><strong>Poet.</strong></span> <span class='ocrx_word' id='word_1_204' title='bbox 326 3193 353 3231; x_wconf 90' lang='lat' dir='ltr'><strong>c.</strong></span> <span class='ocrx_word' id='word_1_205' title='bbox 371 3176 401 3237; x_wconf 74' lang='lat'><strong>4,</strong></span> <span class='ocrx_word' id='word_1_206' title='bbox 417 3169 435 3225; x_wconf 89' lang='grc'><strong>8</strong></span> <span class='ocrx_word' id='word_1_207' title='bbox 449 3178 478 3223; x_wconf 92' lang='lat' dir='ltr'><strong>et</strong></span> <span class='ocrx_word' id='word_1_208' title='bbox 503 3183 522 3238; x_wconf 89' lang='lat'><strong>9</strong></span> <span class='ocrx_word' id='word_1_209' title='bbox 540 3165 682 3239; x_wconf 82' lang='lat' dir='ltr'><strong>spectant,</strong></span> <span class='ocrx_word' id='word_1_210' title='bbox 698 3156 756 3214; x_wconf 88' lang='lat' dir='ltr'><strong>nisi</strong></span> <span class='ocrx_word' id='word_1_211' title='bbox 771 3167 868 3211; x_wconf 83' lang='lat' dir='ltr'><strong>tamen</strong></span> <span class='ocrx_word' id='word_1_212' title='bbox 883 3152 942 3209; x_wconf 84' lang='lat' dir='ltr'><strong>for-</strong></span> 
     </span>
     <span class='ocr_line' id='line_1_31' title="bbox 163 3244 943 3343; baseline -0.038 -14"><span class='ocrx_word' id='word_1_213' title='bbox 163 3284 237 3328; x_wconf 85' lang='lat' dir='ltr'><strong>tasse</strong></span> <span class='ocrx_word' id='word_1_214' title='bbox 256 3262 356 3343; x_wconf 88' lang='lat' dir='ltr'><strong>potius</strong></span> <span class='ocrx_word' id='word_1_215' title='bbox 380 3256 418 3315; x_wconf 82' lang='lat' dir='ltr'><strong>ad</strong></span> <span class='ocrx_word' id='word_1_216' title='bbox 443 3252 591 3327; x_wconf 76' lang='lat' dir='ltr'><strong>dialogum</strong></span> <span class='ocrx_word' id='word_1_217' title='bbox 606 3248 642 3306; x_wconf 89' lang='lat' dir='ltr'><strong>de</strong></span> <span class='ocrx_word' id='word_1_218' title='bbox 665 3244 776 3315; x_wconf 86' lang='lat' dir='ltr'><strong>Poetis,</strong></span> <span class='ocrx_word' id='word_1_219' title='bbox 803 3259 889 3319; x_wconf 87' lang='lat' dir='ltr'><strong>quem</strong></span> <span class='ocrx_word' id='word_1_220' title='bbox 914 3254 943 3299; x_wconf 91' lang='lat' dir='ltr'><strong>ct</strong></span> 
     </span>
     <span class='ocr_line' id='line_1_32' title="bbox 163 3332 941 3437; baseline -0.042 -19"><span class='ocrx_word' id='word_1_221' title='bbox 163 3360 260 3437; x_wconf 85' lang='lat' dir='ltr'><strong>ipsum</strong></span> <span class='ocrx_word' id='word_1_222' title='bbox 275 3349 335 3430; x_wconf 76' lang='lat' dir='ltr'><strong>rupi</strong></span> <span class='ocrx_word' id='word_1_223' title='bbox 353 3344 500 3417; x_wconf 80' lang='grc' dir='ltr'>Ποιητικῆς</span> <span class='ocrx_word' id='word_1_224' title='bbox 515 3336 689 3415; x_wconf 87' lang='lat' dir='ltr'><strong>inscriptum</strong></span> <span class='ocrx_word' id='word_1_225' title='bbox 704 3332 793 3392; x_wconf 87' lang='lat' dir='ltr'><strong>inisse</strong></span> <span class='ocrx_word' id='word_1_226' title='bbox 819 3342 941 3402; x_wconf 88' lang='lat' dir='ltr'><strong>constat,</strong></span> 
     </span>
     <span class='ocr_line' id='line_1_33' title="bbox 164 3416 944 3505; baseline -0.042 1"><span class='ocrx_word' id='word_1_227' title='bbox 164 3460 196 3505; x_wconf 91' lang='lat' dir='ltr'><strong>nt</strong></span> <span class='ocrx_word' id='word_1_228' title='bbox 209 3464 263 3503; x_wconf 90' lang='lat' dir='ltr'><strong>suo</strong></span> <span class='ocrx_word' id='word_1_229' title='bbox 273 3442 339 3499; x_wconf 88' lang='lat' dir='ltr'><strong>loco</strong></span> <span class='ocrx_word' id='word_1_230' title='bbox 357 3434 478 3494; x_wconf 80' lang='lat' dir='ltr'><strong>dinam.</strong></span> <span class='ocrx_word' id='word_1_231' title='bbox 491 3430 586 3504; x_wconf 83' lang='lat' dir='ltr'><strong>lgitur</strong></span> <span class='ocrx_word' id='word_1_232' title='bbox 600 3424 672 3503; x_wconf 93' lang='lat' dir='ltr'><strong>quin</strong></span> <span class='ocrx_word' id='word_1_233' title='bbox 686 3420 805 3480; x_wconf 84' lang='lat' dir='ltr'><strong>mutilus</strong></span> <span class='ocrx_word' id='word_1_234' title='bbox 818 3418 856 3477; x_wconf 90' lang='lat' dir='ltr'><strong>sit</strong></span> <span class='ocrx_word' id='word_1_235' title='bbox 868 3416 944 3476; x_wconf 83' lang='lat' dir='ltr'><strong>liber</strong></span> 
     </span>
     <span class='ocr_line' id='line_1_34' title="bbox 165 3508 944 3601; baseline -0.037 -9"><span class='ocrx_word' id='word_1_236' title='bbox 165 3529 295 3592; x_wconf 84' lang='lat' dir='ltr'><strong>dubitari</strong></span> <span class='ocrx_word' id='word_1_237' title='bbox 324 3524 442 3601; x_wconf 92' lang='lat' dir='ltr'><strong>nequit,</strong></span> <span class='ocrx_word' id='word_1_238' title='bbox 474 3519 516 3576; x_wconf 86' lang='lat' dir='ltr'><strong>ita</strong></span> <span class='ocrx_word' id='word_1_239' title='bbox 537 3528 571 3575; x_wconf 91' lang='lat' dir='ltr'><strong>ut</strong></span> <span class='ocrx_word' id='word_1_240' title='bbox 595 3513 649 3572; x_wconf 84' lang='lat' dir='ltr'><strong>illa</strong></span> <span class='ocrx_word' id='word_1_241' title='bbox 673 3511 735 3589; x_wconf 85' lang='lat' dir='ltr'><strong>jam</strong></span> <span class='ocrx_word' id='word_1_242' title='bbox 763 3508 944 3584; x_wconf 79' lang='lat' dir='ltr'><strong>relinquatur</strong></span> 
     </span>
     <span class='ocr_line' id='line_1_35' title="bbox 166 3590 944 3699; baseline -0.036 -18"><span class='ocrx_word' id='word_1_243' title='bbox 166 3618 299 3699; x_wconf 79' lang='lat' dir='ltr'><strong>quaestio,</strong></span> <span class='ocrx_word' id='word_1_244' title='bbox 313 3632 382 3673; x_wconf 93' lang='lat' dir='ltr'><strong>num</strong></span> <span class='ocrx_word' id='word_1_245' title='bbox 393 3610 457 3688; x_wconf 88' lang='lat' dir='ltr'><strong>ejus</strong></span> <span class='ocrx_word' id='word_1_246' title='bbox 472 3608 562 3686; x_wconf 84' lang='lat' dir='ltr'><strong>pastis</strong></span> <span class='ocrx_word' id='word_1_247' title='bbox 574 3622 639 3681; x_wconf 81' lang='lat' dir='ltr'><strong>quae</strong></span> <span class='ocrx_word' id='word_1_248' title='bbox 652 3590 847 3666; x_wconf 85' lang='lat' dir='ltr'><strong>interciderit,</strong></span> <span class='ocrx_word' id='word_1_249' title='bbox 863 3597 944 3654; x_wconf 93' lang='lat' dir='ltr'><strong>noti-</strong></span> 
     </span>
     <span class='ocr_line' id='line_1_36' title="bbox 167 3684 945 3782; baseline -0.035 -14"><span class='ocrx_word' id='word_1_250' title='bbox 167 3712 208 3768; x_wconf 88' lang='lat' dir='ltr'><strong>tia</strong></span> <span class='ocrx_word' id='word_1_251' title='bbox 229 3708 328 3782; x_wconf 85' lang='lat' dir='ltr'><strong>aliqua</strong></span> <span class='ocrx_word' id='word_1_252' title='bbox 352 3698 429 3777; x_wconf 81' lang='lat' dir='ltr'><strong>apud</strong></span> <span class='ocrx_word' id='word_1_253' title='bbox 450 3694 586 3771; x_wconf 84' lang='lat' dir='ltr'><strong>antiquos</strong></span> <span class='ocrx_word' id='word_1_254' title='bbox 604 3690 761 3768; x_wconf 77' lang='lat' dir='ltr'><strong>scriptores</strong></span> <span class='ocrx_word' id='word_1_255' title='bbox 777 3684 945 3760; x_wconf 82' lang='lat' dir='ltr'><strong>investigari</strong></span> 
     </span>
     <span class='ocr_line' id='line_1_37' title="bbox 168 3769 947 3876; baseline -0.039 -19"><span class='ocrx_word' id='word_1_256' title='bbox 168 3795 272 3876; x_wconf 79' lang='lat' dir='ltr'><strong>possit.</strong></span> <span class='ocrx_word' id='word_1_257' title='bbox 290 3793 368 3851; x_wconf 88' lang='lat' dir='ltr'><strong>lnter</strong></span> <span class='ocrx_word' id='word_1_258' title='bbox 382 3785 451 3845; x_wconf 89' lang='lat' dir='ltr'><strong>illos</strong></span> <span class='ocrx_word' id='word_1_259' title='bbox 463 3801 547 3852; x_wconf 83' lang='lat' dir='ltr'><strong>vero,</strong></span> <span class='ocrx_word' id='word_1_260' title='bbox 571 3778 634 3856; x_wconf 92' lang='lat' dir='ltr'><strong>qui,</strong></span> <span class='ocrx_word' id='word_1_261' title='bbox 648 3776 800 3834; x_wconf 85' lang='lat' dir='ltr'><strong>nominato</strong></span> <span class='ocrx_word' id='word_1_262' title='bbox 817 3772 897 3830; x_wconf 88' lang='lat' dir='ltr'><strong>libro</strong></span> <span class='ocrx_word' id='word_1_263' title='bbox 919 3769 947 3830; x_wconf 83' lang='lat' dir='ltr'><strong>et</strong></span> 
     </span>
     <span class='ocr_line' id='line_1_38' title="bbox 168 3860 948 3955; baseline -0.038 -10"><span class='ocrx_word' id='word_1_264' title='bbox 168 3896 300 3953; x_wconf 80' lang='lat' dir='ltr'><strong>uttctore,</strong></span> <span class='ocrx_word' id='word_1_265' title='bbox 317 3873 497 3955; x_wconf 83' lang='lat' dir='ltr'><strong>deperditam</strong></span> <span class='ocrx_word' id='word_1_266' title='bbox 523 3879 634 3944; x_wconf 81' lang='lat' dir='ltr'><strong>partem</strong></span> <span class='ocrx_word' id='word_1_267' title='bbox 660 3862 786 3921; x_wconf 83' lang='lat' dir='ltr'><strong>Poeticae</strong></span> <span class='ocrx_word' id='word_1_268' title='bbox 804 3860 948 3937; x_wconf 82' lang='lat' dir='ltr'><strong>respicere</strong></span> 
     </span>
     <span class='ocr_line' id='line_1_39' title="bbox 168 3948 949 4041; baseline -0.037 -8"><span class='ocrx_word' id='word_1_269' title='bbox 168 3974 315 4041; x_wconf 79' lang='lat' dir='ltr'><strong>uidentur,</strong></span> <span class='ocrx_word' id='word_1_270' title='bbox 338 3963 439 4023; x_wconf 87' lang='lat' dir='ltr'><strong>nullus</strong></span> <span class='ocrx_word' id='word_1_271' title='bbox 451 3971 496 4018; x_wconf 86' lang='lat' dir='ltr'><strong>est</strong></span> <span class='ocrx_word' id='word_1_272' title='bbox 510 3954 597 4033; x_wconf 86' lang='lat' dir='ltr'><strong>cujus</strong></span> <span class='ocrx_word' id='word_1_273' title='bbox 607 3948 698 4009; x_wconf 79' lang='lat' dir='ltr'><strong>verba</strong></span> <span class='ocrx_word' id='word_1_274' title='bbox 711 3968 770 4008; x_wconf 90' lang='lat' dir='ltr'><strong>non</strong></span> <span class='ocrx_word' id='word_1_275' title='bbox 782 3948 892 4006; x_wconf 88' lang='lat' dir='ltr'><strong>erroris</strong></span> <span class='ocrx_word' id='word_1_276' title='bbox 903 3966 949 4005; x_wconf 88' lang='lat' dir='ltr'><strong>su-</strong></span> 
     </span>
     <span class='ocr_line' id='line_1_40' title="bbox 169 4034 948 4141; baseline -0.042 -20"><span class='ocrx_word' id='word_1_277' title='bbox 169 4060 332 4141; x_wconf 87' lang='lat' dir='ltr'><strong>spicionem</strong></span> <span class='ocrx_word' id='word_1_278' title='bbox 345 4061 491 4111; x_wconf 83' lang='lat' dir='ltr'><strong>morcant.</strong></span> <span class='ocrx_word' id='word_1_279' title='bbox 506 4046 560 4117; x_wconf 88' lang='lat' dir='ltr'><strong>lta,</strong></span> <span class='ocrx_word' id='word_1_280' title='bbox 574 4059 640 4119; x_wconf 90' lang='lat' dir='ltr'><strong>quae</strong></span> <span class='ocrx_word' id='word_1_281' title='bbox 648 4058 685 4097; x_wconf 87' lang='lat' dir='ltr'><strong>ex</strong></span> <span class='ocrx_word' id='word_1_282' title='bbox 698 4034 815 4096; x_wconf 84' lang='lat' dir='ltr'><strong>arabico</strong></span> <span class='ocrx_word' id='word_1_283' title='bbox 823 4034 948 4112; x_wconf 91' lang='lat' dir='ltr'><strong>quodam</strong></span> 
     </span>
     <span class='ocr_line' id='line_1_41' title="bbox 171 4125 951 4228; baseline -0.042 -17"><span class='ocrx_word' id='word_1_284' title='bbox 171 4152 281 4228; x_wconf 86' lang='lat' dir='ltr'><strong>scripto</strong></span> <span class='ocrx_word' id='word_1_285' title='bbox 293 4144 342 4227; x_wconf 85' lang='lat' dir='ltr'><strong>(ci.</strong></span> <span class='ocrx_word' id='word_1_286' title='bbox 358 4136 565 4205; x_wconf 85' lang='lat' dir='ltr'><strong>Scbmoelders,</strong></span> <span class='ocrx_word' id='word_1_287' title='bbox 582 4136 755 4188; x_wconf 80' lang='lat' dir='ltr'><strong>Documenta</strong></span> <span class='ocrx_word' id='word_1_288' title='bbox 760 4125 951 4201; x_wconf 69' lang='lat' dir='ltr'><strong>plutinopiaeioe</strong></span> 
     </span>
     <span class='ocr_line' id='line_1_42' title="bbox 172 4212 941 4306; baseline -0.038 -9"><span class='ocrx_word' id='word_1_289' title='bbox 172 4240 308 4306; x_wconf 85' lang='lat' dir='ltr'><strong>Arabum,</strong></span> <span class='ocrx_word' id='word_1_290' title='bbox 321 4232 415 4289; x_wconf 87' lang='lat' dir='ltr'><strong>Boon.</strong></span> <span class='ocrx_word' id='word_1_291' title='bbox 433 4224 521 4295; x_wconf 78' lang='lat'><strong>1836,</strong></span> <span class='ocrx_word' id='word_1_292' title='bbox 538 4242 569 4300; x_wconf 90' lang='lat' dir='ltr'><strong>p.</strong></span> <span class='ocrx_word' id='word_1_293' title='bbox 584 4218 633 4294; x_wconf 77' lang='grc' dir='ltr'><strong>τι)</strong></span> <span class='ocrx_word' id='word_1_294' title='bbox 646 4212 769 4295; x_wconf 91' lang='lat' dir='ltr'><strong>protulit</strong></span> <span class='ocrx_word' id='word_1_295' title='bbox 781 4212 941 4269; x_wconf 74' lang='lat' dir='ltr'><strong>liiintzerus</strong></span> 
     </span>
     <span class='ocr_line' id='line_1_43' title="bbox 171 4304 953 4391; baseline -0.036 -5"><span class='ocrx_word' id='word_1_296' title='bbox 171 4330 202 4386; x_wconf 91' lang='lat' dir='ltr'><strong>in</strong></span> <span class='ocrx_word' id='word_1_297' title='bbox 212 4324 290 4385; x_wconf 89' lang='lat' dir='ltr'><strong>libro</strong></span> <span class='ocrx_word' id='word_1_298' title='bbox 303 4326 426 4391; x_wconf 76' lang='lat' dir='ltr'><strong>Rettuug</strong></span> <span class='ocrx_word' id='word_1_299' title='bbox 439 4318 492 4373; x_wconf 83' lang='lat' dir='ltr'><strong>der</strong></span> <span class='ocrx_word' id='word_1_300' title='bbox 503 4312 647 4370; x_wconf 80' lang='lat' dir='ltr'><strong>Aristotel.</strong></span> <span class='ocrx_word' id='word_1_301' title='bbox 664 4304 762 4365; x_wconf 80' lang='lat' dir='ltr'><strong>Poeut·</strong></span> <span class='ocrx_word' id='word_1_302' title='bbox 774 4321 805 4378; x_wconf 92' lang='lat' dir='ltr'><strong>p.</strong></span> <span class='ocrx_word' id='word_1_303' title='bbox 826 4320 856 4357; x_wconf 89' lang='grc' dir='ltr'><strong>ιι</strong></span> <span class='ocrx_word' id='word_1_304' title='bbox 877 4324 885 4358; x_wconf 75' lang='grc' dir='ltr'><strong>ι</strong></span> <span class='ocrx_word' id='word_1_305' title='bbox 910 4305 953 4358; x_wconf 89' lang='lat' dir='ltr'><strong>De</strong></span> 
     </span>
     <span class='ocr_line' id='line_1_44' title="bbox 170 4398 952 4474; baseline -0.032 0"><span class='ocrx_word' id='word_1_306' title='bbox 170 4416 404 4474; x_wconf 62' lang='lat' dir='ltr'><strong>demonstratione</strong></span> <span class='ocrx_word' id='word_1_307' title='bbox 420 4411 533 4462; x_wconf 87' lang='lat' dir='ltr'><strong>omnino</strong></span> <span class='ocrx_word' id='word_1_308' title='bbox 537 4400 650 4474; x_wconf 82' lang='lat' dir='ltr'><strong>fallaci</strong></span> <span class='ocrx_word' id='word_1_309' title='bbox 661 4400 807 4454; x_wconf 73' lang='lat' dir='ltr'><strong>disseritur</strong></span> <span class='ocrx_word' id='word_1_310' title='bbox 820 4400 849 4449; x_wconf 86' lang='lat' dir='ltr'><strong>in</strong></span> <span class='ocrx_word' id='word_1_311' title='bbox 866 4398 952 4469; x_wconf 86' lang='lat' dir='ltr'><strong>ipsius</strong></span> 
     </span>
     <span class='ocr_line' id='line_1_45' title="bbox 172 4480 953 4571; baseline -0.031 -10"><span class='ocrx_word' id='word_1_312' title='bbox 172 4507 244 4560; x_wconf 83' lang='lat' dir='ltr'><strong>libro</strong></span> <span class='ocrx_word' id='word_1_313' title='bbox 255 4506 292 4559; x_wconf 86' lang='lat' dir='ltr'><strong>de</strong></span> <span class='ocrx_word' id='word_1_314' title='bbox 310 4512 373 4555; x_wconf 85' lang='lat' dir='ltr'><strong>arte</strong></span> <span class='ocrx_word' id='word_1_315' title='bbox 384 4500 511 4571; x_wconf 85' lang='lat' dir='ltr'><strong>poetica,</strong></span> <span class='ocrx_word' id='word_1_316' title='bbox 523 4510 558 4549; x_wconf 87' lang='lat' dir='ltr'><strong>ea</strong></span> <span class='ocrx_word' id='word_1_317' title='bbox 572 4500 636 4547; x_wconf 84' lang='lat' dir='ltr'><strong>orta</strong></span> <span class='ocrx_word' id='word_1_318' title='bbox 647 4498 716 4546; x_wconf 89' lang='lat' dir='ltr'><strong>sunt</strong></span> <span class='ocrx_word' id='word_1_319' title='bbox 728 4503 765 4542; x_wconf 83' lang='lat' dir='ltr'><strong>ex</strong></span> <span class='ocrx_word' id='word_1_320' title='bbox 778 4482 852 4541; x_wconf 87' lang='lat' dir='ltr'><strong>male</strong></span> <span class='ocrx_word' id='word_1_321' title='bbox 865 4480 953 4540; x_wconf 90' lang='lat' dir='ltr'><strong>intel-</strong></span> 
     </span>
     <span class='ocr_line' id='line_1_46' title="bbox 175 4568 954 4651; baseline -0.035 0"><span class='ocrx_word' id='word_1_322' title='bbox 175 4595 247 4651; x_wconf 88' lang='lat' dir='ltr'><strong>lecto</strong></span> <span class='ocrx_word' id='word_1_323' title='bbox 271 4588 341 4647; x_wconf 92' lang='lat' dir='ltr'><strong>loco</strong></span> <span class='ocrx_word' id='word_1_324' title='bbox 372 4577 574 4643; x_wconf 73' lang='lat' dir='ltr'><strong>commentarii</strong></span> <span class='ocrx_word' id='word_1_325' title='bbox 599 4569 900 4634; x_wconf 75' lang='lat' dir='ltr'><strong>Pseudo-Alexandri</strong></span> <span class='ocrx_word' id='word_1_326' title='bbox 922 4568 954 4626; x_wconf 93' lang='lat' dir='ltr'><strong>in</strong></span> 
     </span>
     <span class='ocr_line' id='line_1_47' title="bbox 174 4656 956 4753; baseline -0.037 -13"><span class='ocrx_word' id='word_1_327' title='bbox 174 4679 264 4741; x_wconf 79' lang='lat' dir='ltr'><strong>Arist.</strong></span> <span class='ocrx_word' id='word_1_328' title='bbox 281 4675 372 4753; x_wconf 86' lang='lat' dir='ltr'><strong>Soph.</strong></span> <span class='ocrx_word' id='word_1_329' title='bbox 387 4668 511 4731; x_wconf 83' lang='lat' dir='ltr'><strong>Elench.</strong></span> <span class='ocrx_word' id='word_1_330' title='bbox 523 4675 555 4747; x_wconf 88' lang='lat' dir='ltr'><strong>p.</strong></span> <span class='ocrx_word' id='word_1_331' title='bbox 570 4686 641 4743; x_wconf 76' lang='lat'><strong>299,</strong></span> <span class='ocrx_word' id='word_1_332' title='bbox 654 4662 688 4735; x_wconf 82' lang='lat' dir='ltr'><strong>li,</strong></span> <span class='ocrx_word' id='word_1_333' title='bbox 702 4662 751 4730; x_wconf 69' lang='grc'><strong>43.</strong></span> <span class='ocrx_word' id='word_1_334' title='bbox 768 4658 856 4737; x_wconf 79' lang='lat' dir='ltr'><strong>ttpud</strong></span> <span class='ocrx_word' id='word_1_335' title='bbox 867 4656 956 4714; x_wconf 83' lang='lat' dir='ltr'><strong>loan-</strong></span> 
     </span>
     <span class='ocr_line' id='line_1_48' title="bbox 175 4745 954 4841; baseline -0.028 -16"><span class='ocrx_word' id='word_1_336' title='bbox 175 4788 241 4825; x_wconf 87' lang='lat' dir='ltr'><strong>nem</strong></span> <span class='ocrx_word' id='word_1_337' title='bbox 259 4764 457 4841; x_wconf 87' lang='lat' dir='ltr'><strong>Philoponum</strong></span> <span class='ocrx_word' id='word_1_338' title='bbox 479 4756 598 4827; x_wconf 86' lang='lat' dir='ltr'><strong>deinde,</strong></span> <span class='ocrx_word' id='word_1_339' title='bbox 615 4753 646 4811; x_wconf 90' lang='lat' dir='ltr'><strong>in</strong></span> <span class='ocrx_word' id='word_1_340' title='bbox 658 4750 780 4810; x_wconf 75' lang='lat' dir='ltr'><strong>Aristot.</strong></span> <span class='ocrx_word' id='word_1_341' title='bbox 790 4746 827 4807; x_wconf 86' lang='lat' dir='ltr'><strong>de</strong></span> <span class='ocrx_word' id='word_1_342' title='bbox 842 4747 899 4805; x_wconf 76' lang='lat' dir='ltr'><strong>An.</strong></span> <span class='ocrx_word' id='word_1_343' title='bbox 911 4745 954 4819; x_wconf 92' lang='lat' dir='ltr'><strong>ll,</strong></span> 
     </span>
     <span class='ocr_line' id='line_1_49' title="bbox 176 4830 955 4928; baseline -0.032 -15"><span class='ocrx_word' id='word_1_344' title='bbox 176 4865 205 4926; x_wconf 72' lang='grc'><strong>4,</strong></span> <span class='ocrx_word' id='word_1_345' title='bbox 217 4875 247 4928; x_wconf 81' lang='lat' dir='ltr'><strong>a,</strong></span> <span class='ocrx_word' id='word_1_346' title='bbox 263 4852 314 4913; x_wconf 89' lang='lat' dir='ltr'><strong>fol.</strong></span> <span class='ocrx_word' id='word_1_347' title='bbox 332 4851 370 4921; x_wconf 90' lang='lat' dir='ltr'><strong>ll,</strong></span> <span class='ocrx_word' id='word_1_348' title='bbox 386 4851 496 4907; x_wconf 84' lang='lat' dir='ltr'><strong>6recto</strong></span> <span class='ocrx_word' id='word_1_349' title='bbox 513 4868 520 4902; x_wconf 76' lang='grc' dir='ltr'><strong>ι</strong></span> <span class='ocrx_word' id='word_1_350' title='bbox 536 4843 577 4903; x_wconf 89' lang='grc' dir='ltr'><strong>Τδ</strong></span> <span class='ocrx_word' id='word_1_351' title='bbox 595 4841 668 4907; x_wconf 78' lang='grc' dir='ltr'>τέλος</span> <span class='ocrx_word' id='word_1_352' title='bbox 681 4836 765 4898; x_wconf 81' lang='grc' dir='ltr'>διττόν</span> <span class='ocrx_word' id='word_1_353' title='bbox 780 4837 845 4910; x_wconf 74' lang='lat' dir='ltr'><strong>issi,</strong></span> <span class='ocrx_word' id='word_1_354' title='bbox 860 4832 891 4892; x_wconf 86' lang='grc' dir='ltr'><strong>τδ</strong></span> <span class='ocrx_word' id='word_1_355' title='bbox 907 4830 955 4910; x_wconf 73' lang='grc' dir='ltr'><strong>μὲν</strong></span> 
     </span>
     <span class='ocr_line' id='line_1_50' title="bbox 178 4920 956 5018; baseline -0.032 -17"><span class='ocrx_word' id='word_1_356' title='bbox 178 4934 209 5001; x_wconf 73' lang='grc' dir='ltr'><strong>ού</strong></span> <span class='ocrx_word' id='word_1_357' title='bbox 221 4942 307 5013; x_wconf 76' lang='grc' dir='ltr'>ἕνεκα,</span> <span class='ocrx_word' id='word_1_358' title='bbox 320 4939 350 4999; x_wconf 78' lang='grc' dir='ltr'><strong>τὸ</strong></span> <span class='ocrx_word' id='word_1_359' title='bbox 362 4939 389 4999; x_wconf 86' lang='grc' dir='ltr'><strong>δὲ</strong></span> <span class='ocrx_word' id='word_1_360' title='bbox 401 4927 433 5018; x_wconf 77' lang='grc' dir='ltr'><strong>ᾧ,</strong></span> <span class='ocrx_word' id='word_1_361' title='bbox 445 4935 511 5015; x_wconf 80' lang='grc' dir='ltr'>ὅπερ</span> <span class='ocrx_word' id='word_1_362' title='bbox 525 4930 572 4992; x_wconf 82' lang='grc' dir='ltr'>καλ</span> <span class='ocrx_word' id='word_1_363' title='bbox 586 4934 655 5010; x_wconf 78' lang='grc' dir='ltr'>έντῆ</span> <span class='ocrx_word' id='word_1_364' title='bbox 671 4930 804 5005; x_wconf 84' lang='grc' dir='ltr'>Ποιητικῆ</span> <span class='ocrx_word' id='word_1_365' title='bbox 818 4920 863 4982; x_wconf 82' lang='grc' dir='ltr'>καὶ</span> <span class='ocrx_word' id='word_1_366' title='bbox 878 4923 905 4979; x_wconf 85' lang='grc' dir='ltr'><strong>έν</strong></span> <span class='ocrx_word' id='word_1_367' title='bbox 918 4922 956 5001; x_wconf 76' lang='grc' dir='ltr'><strong>τῷ</strong></span> 
     </span>
    </p>
   </div>
   <div class='ocr_carea' id='block_1_6' title="bbox 204 5088 956 5169">
    <p class='ocr_par' dir='ltr' id='par_1_6' title="bbox 204 5088 956 5169">
     <span class='ocr_line' id='line_1_51' title="bbox 204 5088 956 5169; baseline -0.036 -9"><span class='ocrx_word' id='word_1_368' title='bbox 204 5116 239 5169; x_wconf 77' lang='grc' dir='ltr'><strong>(ι)</strong></span> <span class='ocrx_word' id='word_1_369' title='bbox 247 5112 313 5159; x_wconf 81' lang='lat' dir='ltr'><strong>ttttstt</strong></span> <span class='ocrx_word' id='word_1_370' title='bbox 325 5111 371 5156; x_wconf 82' lang='lat' dir='ltr'><strong>truc</strong></span> <span class='ocrx_word' id='word_1_371' title='bbox 379 5106 543 5154; x_wconf 70' lang='lat' dir='ltr'><strong>laosoetltnlos</strong></span> <span class='ocrx_word' id='word_1_372' title='bbox 550 5097 603 5161; x_wconf 72' lang='grc' dir='ltr'>περὶ</span> <span class='ocrx_word' id='word_1_373' title='bbox 613 5094 757 5157; x_wconf 80' lang='grc' dir='ltr'>Τραγῳδιῶν</span> <span class='ocrx_word' id='word_1_374' title='bbox 769 5090 792 5139; x_wconf 87' lang='grc' dir='ltr'>α’</span> <span class='ocrx_word' id='word_1_375' title='bbox 800 5091 825 5134; x_wconf 79' lang='grc' dir='ltr'><strong>τί</strong></span> <span class='ocrx_word' id='word_1_376' title='bbox 836 5088 956 5138; x_wconf 79' lang='grc' dir='ltr'>Διδασκα-</span> 
     </span>
    </p>
   </div>
   <div class='ocr_carea' id='block_1_7' title="bbox 180 5162 957 5301">
    <p class='ocr_par' dir='ltr' id='par_1_7' title="bbox 180 5162 957 5301">
     <span class='ocr_line' id='line_1_52' title="bbox 180 5162 957 5239; baseline -0.024 -11"><span class='ocrx_word' id='word_1_377' title='bbox 180 5179 228 5228; x_wconf 80' lang='grc' dir='ltr'>λίαι</span> <span class='ocrx_word' id='word_1_378' title='bbox 241 5184 264 5226; x_wconf 83' lang='grc' dir='ltr'>α·</span> <span class='ocrx_word' id='word_1_379' title='bbox 275 5182 351 5239; x_wconf 74' lang='grc' dir='ltr'>(ιιιος,</span> <span class='ocrx_word' id='word_1_380' title='bbox 362 5181 388 5225; x_wconf 85' lang='lat' dir='ltr'><strong>t.</strong></span> <span class='ocrx_word' id='word_1_381' title='bbox 400 5185 438 5229; x_wconf 82' lang='lat' dir='ltr'><strong>itu</strong></span> <span class='ocrx_word' id='word_1_382' title='bbox 446 5179 472 5225; x_wconf 80' lang='lat' dir='ltr'><strong>st</strong></span> <span class='ocrx_word' id='word_1_383' title='bbox 483 5180 539 5231; x_wconf 78' lang='lat' dir='ltr'><strong>itt),</strong></span> <span class='ocrx_word' id='word_1_384' title='bbox 548 5176 578 5223; x_wconf 87' lang='lat' dir='ltr'><strong>de</strong></span> <span class='ocrx_word' id='word_1_385' title='bbox 586 5174 674 5232; x_wconf 83' lang='lat' dir='ltr'><strong>qulbus</strong></span> <span class='ocrx_word' id='word_1_386' title='bbox 682 5174 769 5219; x_wconf 81' lang='lat' dir='ltr'><strong>temere</strong></span> <span class='ocrx_word' id='word_1_387' title='bbox 778 5165 886 5214; x_wconf 89' lang='lat' dir='ltr'><strong>noonnttt</strong></span> <span class='ocrx_word' id='word_1_388' title='bbox 896 5162 957 5220; x_wconf 73' lang='grc' dir='ltr'>σοςι·</span> 
     </span>
     <span class='ocr_line' id='line_1_53' title="bbox 180 5239 544 5301; baseline -0.036 -5"><span class='ocrx_word' id='word_1_389' title='bbox 180 5250 268 5301; x_wconf 79' lang='lat' dir='ltr'><strong>sanant,</strong></span> <span class='ocrx_word' id='word_1_390' title='bbox 281 5244 336 5291; x_wconf 81' lang='lat' dir='ltr'><strong>satta</strong></span> <span class='ocrx_word' id='word_1_391' title='bbox 345 5239 491 5289; x_wconf 70' lang='lat' dir='ltr'><strong>insultatum</strong></span> <span class='ocrx_word' id='word_1_392' title='bbox 501 5240 544 5285; x_wconf 74' lang='lat' dir='ltr'><strong>est.</strong></span> 
     </span>
    </p>
   </div>
   <div class='ocr_carea' id='block_1_8' title="bbox 1694 400 1754 462">
    <p class='ocr_par' dir='ltr' id='par_1_8' title="bbox 1694 400 1754 462">
     <span class='ocr_line' id='line_1_54' title="bbox 1694 400 1754 462; baseline -0.033 0"><span class='ocrx_word' id='word_1_393' title='bbox 1694 400 1754 462; x_wconf 74' lang='lat'><strong>{27</strong></span> 
     </span>
    </p>
   </div>
   <div class='ocr_carea' id='block_1_9' title="bbox 975 530 1782 4763">
    <p class='ocr_par' dir='ltr' id='par_1_9' title="bbox 975 530 1782 4763">
     <span class='ocr_line' id='line_1_55' title="bbox 975 530 1755 620; baseline -0.01 -21"><span class='ocrx_word' id='word_1_394' title='bbox 975 540 1037 620; x_wconf 80' lang='grc' dir='ltr'>περὶ</span> <span class='ocrx_word' id='word_1_395' title='bbox 1055 538 1193 609; x_wconf 82' lang='grc' dir='ltr'>Γενέσεως,</span> <span class='ocrx_word' id='word_1_396' title='bbox 1207 538 1332 611; x_wconf 82' lang='grc' dir='ltr'>ποιητικῇ</span> <span class='ocrx_word' id='word_1_397' title='bbox 1345 534 1409 593; x_wconf 87' lang='lat' dir='ltr'><strong>sine</strong></span> <span class='ocrx_word' id='word_1_398' title='bbox 1422 532 1513 591; x_wconf 86' lang='lat' dir='ltr'><strong>dubio</strong></span> <span class='ocrx_word' id='word_1_399' title='bbox 1527 530 1643 591; x_wconf 79' lang='lat' dir='ltr'><strong>librarii</strong></span> <span class='ocrx_word' id='word_1_400' title='bbox 1655 549 1755 592; x_wconf 80' lang='lat' dir='ltr'><strong>errore</strong></span> 
     </span>
     <span class='ocr_line' id='line_1_56' title="bbox 976 618 1753 709; baseline -0.01 -20"><span class='ocrx_word' id='word_1_401' title='bbox 976 652 1031 709; x_wconf 91' lang='lat' dir='ltr'><strong>pro</strong></span> <span class='ocrx_word' id='word_1_402' title='bbox 1043 630 1152 707; x_wconf 81' lang='grc' dir='ltr'>Φυσικῇ</span> <span class='ocrx_word' id='word_1_403' title='bbox 1167 638 1210 685; x_wconf 91' lang='lat' dir='ltr'><strong>est</strong></span> <span class='ocrx_word' id='word_1_404' title='bbox 1222 624 1260 703; x_wconf 83' lang='lat'><strong>(1)</strong></span> <span class='ocrx_word' id='word_1_405' title='bbox 1278 623 1332 703; x_wconf 83' lang='lat' dir='ltr'><strong>(cl.</strong></span> <span class='ocrx_word' id='word_1_406' title='bbox 1351 620 1394 699; x_wconf 93' lang='lat' dir='ltr'><strong>ll,</strong></span> <span class='ocrx_word' id='word_1_407' title='bbox 1410 644 1439 693; x_wconf 81' lang='grc' dir='ltr'>ι,</span> <span class='ocrx_word' id='word_1_408' title='bbox 1454 622 1484 694; x_wconf 89' lang='grc'><strong>8,</strong></span> <span class='ocrx_word' id='word_1_409' title='bbox 1498 644 1538 699; x_wconf 87' lang='lat'><strong>9,</strong></span> <span class='ocrx_word' id='word_1_410' title='bbox 1557 618 1753 681; x_wconf 83' lang='lat' dir='ltr'><strong>Trendelenb.</strong></span> 
     </span>
     <span class='ocr_line' id='line_1_57' title="bbox 977 700 1755 780; baseline -0.014 -11"><span class='ocrx_word' id='word_1_411' title='bbox 977 729 1084 769; x_wconf 90' lang='lat' dir='ltr'><strong>comm.</strong></span> <span class='ocrx_word' id='word_1_412' title='bbox 1101 708 1131 766; x_wconf 89' lang='lat' dir='ltr'><strong>in</strong></span> <span class='ocrx_word' id='word_1_413' title='bbox 1152 707 1203 765; x_wconf 75' lang='lat' dir='ltr'><strong>dr.</strong></span> <span class='ocrx_word' id='word_1_414' title='bbox 1225 704 1262 763; x_wconf 91' lang='lat' dir='ltr'><strong>de</strong></span> <span class='ocrx_word' id='word_1_415' title='bbox 1281 703 1388 761; x_wconf 79' lang='lat' dir='ltr'><strong>Anima</strong></span> <span class='ocrx_word' id='word_1_416' title='bbox 1410 721 1441 780; x_wconf 89' lang='lat' dir='ltr'><strong>p.</strong></span> <span class='ocrx_word' id='word_1_417' title='bbox 1462 702 1519 761; x_wconf 82' lang='grc'><strong>353</strong></span> <span class='ocrx_word' id='word_1_418' title='bbox 1545 720 1584 761; x_wconf 92' lang='lat' dir='ltr'><strong>ss.</strong></span> <span class='ocrx_word' id='word_1_419' title='bbox 1600 700 1701 761; x_wconf 80' lang='lat' dir='ltr'><strong>Wsita.</strong></span> <span class='ocrx_word' id='word_1_420' title='bbox 1723 700 1755 759; x_wconf 91' lang='lat' dir='ltr'><strong>in</strong></span> 
     </span>
     <span class='ocr_line' id='line_1_58' title="bbox 979 788 1754 871; baseline -0.012 -14"><span class='ocrx_word' id='word_1_421' title='bbox 979 800 1070 859; x_wconf 73' lang='lat' dir='ltr'><strong>Arist.</strong></span> <span class='ocrx_word' id='word_1_422' title='bbox 1083 797 1154 871; x_wconf 83' lang='lat' dir='ltr'><strong>Osg.</strong></span> <span class='ocrx_word' id='word_1_423' title='bbox 1164 808 1186 854; x_wconf 90' lang='lat' dir='ltr'><strong>t.</strong></span> <span class='ocrx_word' id='word_1_424' title='bbox 1202 792 1242 865; x_wconf 93' lang='lat' dir='ltr'><strong>ll,</strong></span> <span class='ocrx_word' id='word_1_425' title='bbox 1254 813 1284 871; x_wconf 89' lang='lat' dir='ltr'><strong>p.</strong></span> <span class='ocrx_word' id='word_1_426' title='bbox 1298 800 1367 863; x_wconf 64' lang='grc' dir='ltr'>ηυγ,</span> <span class='ocrx_word' id='word_1_427' title='bbox 1387 790 1500 848; x_wconf 81' lang='lat' dir='ltr'><strong>llonitz.</strong></span> <span class='ocrx_word' id='word_1_428' title='bbox 1517 790 1548 847; x_wconf 93' lang='lat' dir='ltr'><strong>in</strong></span> <span class='ocrx_word' id='word_1_429' title='bbox 1561 788 1613 849; x_wconf 79' lang='lat' dir='ltr'><strong>Ar.</strong></span> <span class='ocrx_word' id='word_1_430' title='bbox 1627 788 1754 868; x_wconf 81' lang='lat' dir='ltr'><strong>lletoph.</strong></span> 
     </span>
     <span class='ocr_line' id='line_1_59' title="bbox 978 876 1756 964; baseline -0.013 -19"><span class='ocrx_word' id='word_1_431' title='bbox 978 887 1046 959; x_wconf 86' lang='lat' dir='ltr'><strong>llll,</strong></span> <span class='ocrx_word' id='word_1_432' title='bbox 1065 908 1094 959; x_wconf 85' lang='lat'><strong>7,</strong></span> <span class='ocrx_word' id='word_1_433' title='bbox 1116 906 1145 964; x_wconf 89' lang='lat' dir='ltr'><strong>p.</strong></span> <span class='ocrx_word' id='word_1_434' title='bbox 1164 902 1251 959; x_wconf 75' lang='lat'><strong>1072,</strong></span> <span class='ocrx_word' id='word_1_435' title='bbox 1277 880 1313 957; x_wconf 88' lang='lat' dir='ltr'><strong>B,</strong></span> <span class='ocrx_word' id='word_1_436' title='bbox 1330 877 1371 957; x_wconf 82' lang='lat' dir='ltr'><strong>a),</strong></span> <span class='ocrx_word' id='word_1_437' title='bbox 1394 878 1473 956; x_wconf 92' lang='lat' dir='ltr'><strong>quod</strong></span> <span class='ocrx_word' id='word_1_438' title='bbox 1494 877 1619 937; x_wconf 77' lang='lat' dir='ltr'><strong>ostendit</strong></span> <span class='ocrx_word' id='word_1_439' title='bbox 1629 876 1689 954; x_wconf 85' lang='lat' dir='ltr'><strong>jam</strong></span> <span class='ocrx_word' id='word_1_440' title='bbox 1704 878 1756 955; x_wconf 88' lang='lat' dir='ltr'><strong>qni</strong></span> 
     </span>
     <span class='ocr_line' id='line_1_60' title="bbox 979 963 1757 1047; baseline -0.014 -14"><span class='ocrx_word' id='word_1_441' title='bbox 979 996 1044 1034; x_wconf 85' lang='lat' dir='ltr'><strong>cunt</strong></span> <span class='ocrx_word' id='word_1_442' title='bbox 1062 974 1114 1033; x_wconf 84' lang='lat' dir='ltr'><strong>illa</strong></span> <span class='ocrx_word' id='word_1_443' title='bbox 1125 971 1295 1031; x_wconf 82' lang='lat' dir='ltr'><strong>nominatur</strong></span> <span class='ocrx_word' id='word_1_444' title='bbox 1309 965 1371 1047; x_wconf 77' lang='grc' dir='ltr'>περὶ</span> <span class='ocrx_word' id='word_1_445' title='bbox 1385 964 1515 1031; x_wconf 82' lang='grc' dir='ltr'>Γενέσεως</span> <span class='ocrx_word' id='word_1_446' title='bbox 1524 963 1611 1047; x_wconf 86' lang='lat' dir='ltr'><strong>liber.</strong></span> <span class='ocrx_word' id='word_1_447' title='bbox 1627 964 1686 1023; x_wconf 87' lang='lat' dir='ltr'><strong>Nec</strong></span> <span class='ocrx_word' id='word_1_448' title='bbox 1695 982 1757 1023; x_wconf 83' lang='lat' dir='ltr'><strong>ma-</strong></span> 
     </span>
     <span class='ocr_line' id='line_1_61' title="bbox 979 1049 1758 1139; baseline -0.012 -19"><span class='ocrx_word' id='word_1_449' title='bbox 979 1063 1024 1139; x_wconf 77' lang='lat' dir='ltr'><strong>gis</strong></span> <span class='ocrx_word' id='word_1_450' title='bbox 1043 1076 1153 1121; x_wconf 88' lang='lat' dir='ltr'><strong>certum</strong></span> <span class='ocrx_word' id='word_1_451' title='bbox 1168 1058 1279 1130; x_wconf 82' lang='lat' dir='ltr'><strong>tertius,</strong></span> <span class='ocrx_word' id='word_1_452' title='bbox 1298 1053 1349 1131; x_wconf 89' lang='lat' dir='ltr'><strong>qui</strong></span> <span class='ocrx_word' id='word_1_453' title='bbox 1363 1051 1412 1111; x_wconf 89' lang='lat' dir='ltr'><strong>hic</strong></span> <span class='ocrx_word' id='word_1_454' title='bbox 1430 1053 1463 1111; x_wconf 91' lang='lat' dir='ltr'><strong>in</strong></span> <span class='ocrx_word' id='word_1_455' title='bbox 1479 1071 1595 1111; x_wconf 84' lang='lat' dir='ltr'><strong>censum</strong></span> <span class='ocrx_word' id='word_1_456' title='bbox 1611 1049 1758 1111; x_wconf 83' lang='lat' dir='ltr'><strong>vocandus</strong></span> 
     </span>
     <span class='ocr_line' id='line_1_62' title="bbox 979 1138 1758 1225; baseline -0.015 -17"><span class='ocrx_word' id='word_1_457' title='bbox 979 1152 1054 1223; x_wconf 87' lang='lat' dir='ltr'><strong>erit,</strong></span> <span class='ocrx_word' id='word_1_458' title='bbox 1084 1150 1167 1207; x_wconf 89' lang='lat' dir='ltr'><strong>locus</strong></span> <span class='ocrx_word' id='word_1_459' title='bbox 1189 1142 1331 1225; x_wconf 84' lang='lat' dir='ltr'><strong>praebehit</strong></span> <span class='ocrx_word' id='word_1_460' title='bbox 1359 1140 1566 1200; x_wconf 89' lang='lat' dir='ltr'><strong>testimonium.</strong></span> <span class='ocrx_word' id='word_1_461' title='bbox 1586 1138 1656 1209; x_wconf 82' lang='lat' dir='ltr'><strong>Quae</strong></span> <span class='ocrx_word' id='word_1_462' title='bbox 1680 1139 1758 1197; x_wconf 89' lang='lat' dir='ltr'><strong>enim</strong></span> 
     </span>
     <span class='ocr_line' id='line_1_63' title="bbox 980 1218 1759 1315; baseline -0.014 -19"><span class='ocrx_word' id='word_1_463' title='bbox 980 1236 1058 1315; x_wconf 84' lang='lat' dir='ltr'><strong>apud</strong></span> <span class='ocrx_word' id='word_1_464' title='bbox 1074 1232 1259 1311; x_wconf 85' lang='lat' dir='ltr'><strong>Simplicium</strong></span> <span class='ocrx_word' id='word_1_465' title='bbox 1275 1230 1411 1305; x_wconf 76' lang='lat' dir='ltr'><strong>leguntur</strong></span> <span class='ocrx_word' id='word_1_466' title='bbox 1428 1228 1458 1286; x_wconf 95' lang='lat' dir='ltr'><strong>in</strong></span> <span class='ocrx_word' id='word_1_467' title='bbox 1474 1218 1641 1302; x_wconf 74' lang='lat' dir='ltr'><strong>Cetegoria&#39;s</strong></span> <span class='ocrx_word' id='word_1_468' title='bbox 1655 1226 1673 1285; x_wconf 85' lang='lat' dir='ltr'><strong>l.</strong></span> <span class='ocrx_word' id='word_1_469' title='bbox 1688 1225 1715 1299; x_wconf 84' lang='grc'><strong>8,</strong></span> <span class='ocrx_word' id='word_1_470' title='bbox 1737 1226 1759 1285; x_wconf 83' lang='grc' dir='ltr'>Ζ</span> 
     </span>
     <span class='ocr_line' id='line_1_64' title="bbox 982 1312 1760 1405; baseline -0.014 -25"><span class='ocrx_word' id='word_1_471' title='bbox 982 1326 1027 1405; x_wconf 71' lang='lat' dir='ltr'><strong>[p.</strong></span> <span class='ocrx_word' id='word_1_472' title='bbox 1044 1324 1093 1395; x_wconf 72' lang='lat'><strong>43,</strong></span> <span class='ocrx_word' id='word_1_473' title='bbox 1114 1330 1147 1391; x_wconf 76' lang='lat' dir='ltr'><strong>A,</strong></span> <span class='ocrx_word' id='word_1_474' title='bbox 1168 1316 1349 1393; x_wconf 77' lang='lat' dir='ltr'><strong>12Brttnd.]:</strong></span> <span class='ocrx_word' id='word_1_475' title='bbox 1368 1315 1421 1375; x_wconf 79' lang='grc' dir='ltr'>Καὶ</span> <span class='ocrx_word' id='word_1_476' title='bbox 1433 1314 1487 1394; x_wconf 86' lang='grc' dir='ltr'>γδιρ</span> <span class='ocrx_word' id='word_1_477' title='bbox 1510 1317 1523 1371; x_wconf 88' lang='grc' dir='ltr'>δ</span> <span class='ocrx_word' id='word_1_478' title='bbox 1541 1312 1719 1393; x_wconf 81' lang='grc' dir='ltr'>Ἀριστοτέλης</span> <span class='ocrx_word' id='word_1_479' title='bbox 1734 1313 1760 1369; x_wconf 73' lang='grc' dir='ltr'><strong>ἒν</strong></span> 
     </span>
     <span class='ocr_line' id='line_1_65' title="bbox 981 1392 1762 1490; baseline -0.013 -22"><span class='ocrx_word' id='word_1_480' title='bbox 981 1414 1019 1489; x_wconf 81' lang='grc' dir='ltr'><strong>τῷ</strong></span> <span class='ocrx_word' id='word_1_481' title='bbox 1036 1411 1096 1490; x_wconf 82' lang='grc' dir='ltr'>περί</span> <span class='ocrx_word' id='word_1_482' title='bbox 1120 1410 1264 1480; x_wconf 79' lang='grc' dir='ltr'>Ποιητικῆς</span> <span class='ocrx_word' id='word_1_483' title='bbox 1280 1403 1419 1482; x_wconf 83' lang='grc' dir='ltr'>συνώνυμα</span> <span class='ocrx_word' id='word_1_484' title='bbox 1434 1392 1505 1461; x_wconf 77' lang='grc' dir='ltr'>εἶπεν</span> <span class='ocrx_word' id='word_1_485' title='bbox 1526 1392 1593 1460; x_wconf 77' lang='grc' dir='ltr'>εἶναι</span> <span class='ocrx_word' id='word_1_486' title='bbox 1615 1392 1652 1460; x_wconf 77' lang='lat' dir='ltr'><strong>diu</strong></span> <span class='ocrx_word' id='word_1_487' title='bbox 1678 1400 1762 1459; x_wconf 87' lang='grc' dir='ltr'>πλείω</span> 
     </span>
     <span class='ocr_line' id='line_1_66' title="bbox 982 1481 1763 1576; baseline -0.017 -19"><span class='ocrx_word' id='word_1_488' title='bbox 982 1498 1031 1576; x_wconf 77' lang='grc' dir='ltr'><strong>μὲν</strong></span> <span class='ocrx_word' id='word_1_489' title='bbox 1043 1498 1076 1557; x_wconf 76' lang='lat' dir='ltr'><strong>sd</strong></span> <span class='ocrx_word' id='word_1_490' title='bbox 1091 1494 1208 1570; x_wconf 84' lang='grc' dir='ltr'>ὀνόματα</span> <span class='ocrx_word' id='word_1_491' title='bbox 1222 1492 1298 1573; x_wconf 84' lang='grc' dir='ltr'>λόγος</span> <span class='ocrx_word' id='word_1_492' title='bbox 1312 1494 1339 1553; x_wconf 77' lang='grc' dir='ltr'><strong>δὲ</strong></span> <span class='ocrx_word' id='word_1_493' title='bbox 1354 1497 1367 1551; x_wconf 81' lang='grc' dir='ltr'><strong>ὁ</strong></span> <span class='ocrx_word' id='word_1_494' title='bbox 1384 1491 1475 1558; x_wconf 84' lang='grc' dir='ltr'>αὐτός·</span> <span class='ocrx_word' id='word_1_495' title='bbox 1490 1481 1532 1548; x_wconf 81' lang='grc' dir='ltr'>οἶοι</span> <span class='ocrx_word' id='word_1_496' title='bbox 1547 1487 1579 1560; x_wconf 81' lang='grc' dir='ltr'><strong>δή</strong></span> <span class='ocrx_word' id='word_1_497' title='bbox 1590 1491 1646 1547; x_wconf 83' lang='grc' dir='ltr'>ἐστι</span> <span class='ocrx_word' id='word_1_498' title='bbox 1666 1486 1699 1545; x_wconf 80' lang='grc' dir='ltr'><strong>ιδ</strong></span> <span class='ocrx_word' id='word_1_499' title='bbox 1715 1510 1763 1545; x_wconf 88' lang='grc' dir='ltr'><strong>πο·</strong></span> 
     </span>
     <span class='ocr_line' id='line_1_67' title="bbox 981 1574 1764 1664; baseline -0.017 -17"><span class='ocrx_word' id='word_1_500' title='bbox 981 1587 1119 1664; x_wconf 87' lang='grc' dir='ltr'>λυώνυμα,</span> <span class='ocrx_word' id='word_1_501' title='bbox 1144 1584 1176 1642; x_wconf 80' lang='grc' dir='ltr'><strong>τὸ</strong></span> <span class='ocrx_word' id='word_1_502' title='bbox 1191 1582 1219 1642; x_wconf 77' lang='grc' dir='ltr'><strong>δὲ</strong></span> <span class='ocrx_word' id='word_1_503' title='bbox 1239 1578 1384 1640; x_wconf 79' lang='grc' dir='ltr'>«λώπιον»</span> <span class='ocrx_word' id='word_1_504' title='bbox 1414 1578 1459 1639; x_wconf 80' lang='grc' dir='ltr'>καί</span> <span class='ocrx_word' id='word_1_505' title='bbox 1486 1606 1497 1633; x_wconf 85' lang='grc' dir='ltr'><strong>ι</strong></span> <span class='ocrx_word' id='word_1_506' title='bbox 1519 1577 1624 1652; x_wconf 84' lang='grc' dir='ltr'>ίμοίτιον</span> <span class='ocrx_word' id='word_1_507' title='bbox 1638 1601 1651 1627; x_wconf 75' lang='grc' dir='ltr'>ν</span> <span class='ocrx_word' id='word_1_508' title='bbox 1666 1574 1711 1634; x_wconf 81' lang='grc' dir='ltr'>καὶ</span> <span class='ocrx_word' id='word_1_509' title='bbox 1734 1576 1764 1634; x_wconf 83' lang='grc' dir='ltr'><strong>τὸ</strong></span> 
     </span>
     <span class='ocr_line' id='line_1_68' title="bbox 983 1665 1763 1758; baseline -0.017 -24"><span class='ocrx_word' id='word_1_510' title='bbox 983 1704 996 1730; x_wconf 77' lang='grc' dir='ltr'><strong>ι</strong></span> <span class='ocrx_word' id='word_1_511' title='bbox 1008 1684 1090 1758; x_wconf 74' lang='grc' dir='ltr'>φᾶρος</span> <span class='ocrx_word' id='word_1_512' title='bbox 1103 1700 1127 1745; x_wconf 79' lang='grc' dir='ltr'><strong>ν,</strong></span> <span class='ocrx_word' id='word_1_513' title='bbox 1143 1692 1177 1731; x_wconf 87' lang='lat' dir='ltr'><strong>ea</strong></span> <span class='ocrx_word' id='word_1_514' title='bbox 1192 1692 1252 1731; x_wconf 91' lang='lat' dir='ltr'><strong>non</strong></span> <span class='ocrx_word' id='word_1_515' title='bbox 1262 1671 1298 1729; x_wconf 82' lang='lat' dir='ltr'><strong>ad</strong></span> <span class='ocrx_word' id='word_1_516' title='bbox 1311 1669 1456 1728; x_wconf 79' lang='lat' dir='ltr'><strong>Ponticum</strong></span> <span class='ocrx_word' id='word_1_517' title='bbox 1469 1667 1519 1727; x_wconf 89' lang='lat' dir='ltr'><strong>scd</strong></span> <span class='ocrx_word' id='word_1_518' title='bbox 1534 1666 1569 1724; x_wconf 86' lang='lat' dir='ltr'><strong>ad</strong></span> <span class='ocrx_word' id='word_1_519' title='bbox 1582 1665 1763 1725; x_wconf 82' lang='lat' dir='ltr'><strong>Rhetoriram</strong></span> 
     </span>
     <span class='ocr_line' id='line_1_69' title="bbox 983 1752 1763 1843; baseline -0.018 -19"><span class='ocrx_word' id='word_1_520' title='bbox 983 1766 1084 1843; x_wconf 90' lang='lat' dir='ltr'><strong>potius</strong></span> <span class='ocrx_word' id='word_1_521' title='bbox 1108 1772 1238 1839; x_wconf 84' lang='lat' dir='ltr'><strong>spectare</strong></span> <span class='ocrx_word' id='word_1_522' title='bbox 1260 1758 1409 1829; x_wconf 82' lang='lat' dir='ltr'><strong>videntur,</strong></span> <span class='ocrx_word' id='word_1_523' title='bbox 1428 1757 1458 1813; x_wconf 94' lang='lat' dir='ltr'><strong>in</strong></span> <span class='ocrx_word' id='word_1_524' title='bbox 1479 1774 1536 1831; x_wconf 87' lang='lat' dir='ltr'><strong>qua</strong></span> <span class='ocrx_word' id='word_1_525' title='bbox 1552 1753 1651 1811; x_wconf 83' lang='lat' dir='ltr'><strong>eadem</strong></span> <span class='ocrx_word' id='word_1_526' title='bbox 1666 1752 1763 1830; x_wconf 85' lang='lat' dir='ltr'><strong>plane,</strong></span> 
     </span>
     <span class='ocr_line' id='line_1_70' title="bbox 985 1840 1763 1932; baseline -0.018 -19"><span class='ocrx_word' id='word_1_527' title='bbox 985 1868 1151 1932; x_wconf 85' lang='lat' dir='ltr'><strong>quanquam</strong></span> <span class='ocrx_word' id='word_1_528' title='bbox 1171 1847 1292 1907; x_wconf 88' lang='lat' dir='ltr'><strong>brevius</strong></span> <span class='ocrx_word' id='word_1_529' title='bbox 1311 1846 1384 1904; x_wconf 90' lang='lat' dir='ltr'><strong>dicit</strong></span> <span class='ocrx_word' id='word_1_530' title='bbox 1396 1843 1587 1923; x_wconf 91' lang='lat' dir='ltr'><strong>philosophus</strong></span> <span class='ocrx_word' id='word_1_531' title='bbox 1603 1840 1658 1912; x_wconf 90' lang='lat' dir='ltr'><strong>Ill,</strong></span> <span class='ocrx_word' id='word_1_532' title='bbox 1677 1862 1736 1913; x_wconf 87' lang='lat' dir='ltr'><strong>a,7</strong></span> <span class='ocrx_word' id='word_1_533' title='bbox 1755 1866 1763 1899; x_wconf 79' lang='grc' dir='ltr'><strong>ι</strong></span> 
     </span>
     <span class='ocr_line' id='line_1_71' title="bbox 986 1922 1765 2019; baseline -0.019 -15"><span class='ocrx_word' id='word_1_534' title='bbox 986 1942 1064 2019; x_wconf 80' lang='grc' dir='ltr'>Λέγω</span> <span class='ocrx_word' id='word_1_535' title='bbox 1074 1940 1101 1999; x_wconf 81' lang='grc' dir='ltr'><strong>δέ</strong></span> <span class='ocrx_word' id='word_1_536' title='bbox 1115 1937 1194 2018; x_wconf 82' lang='grc' dir='ltr'>κύριοί</span> <span class='ocrx_word' id='word_1_537' title='bbox 1207 1934 1291 1995; x_wconf 81' lang='grc' dir='ltr'>τεκαὶ</span> <span class='ocrx_word' id='word_1_538' title='bbox 1304 1934 1456 2009; x_wconf 82' lang='grc' dir='ltr'>συνώνυμα,</span> <span class='ocrx_word' id='word_1_539' title='bbox 1467 1922 1519 1991; x_wconf 81' lang='grc' dir='ltr'>οἷον</span> <span class='ocrx_word' id='word_1_540' title='bbox 1529 1929 1559 1989; x_wconf 88' lang='grc' dir='ltr'><strong>τδ</strong></span> <span class='ocrx_word' id='word_1_541' title='bbox 1575 1930 1743 2009; x_wconf 82' lang='grc' dir='ltr'>ιπορεύεσθαι</span> <span class='ocrx_word' id='word_1_542' title='bbox 1754 1958 1765 1979; x_wconf 77' lang='lat'><strong>¹·</strong></span> 
     </span>
     <span class='ocr_line' id='line_1_72' title="bbox 987 2016 1766 2110; baseline -0.023 -19"><span class='ocrx_word' id='word_1_543' title='bbox 987 2030 1033 2091; x_wconf 85' lang='grc' dir='ltr'>καὶ</span> <span class='ocrx_word' id='word_1_544' title='bbox 1043 2030 1072 2089; x_wconf 82' lang='grc' dir='ltr'><strong>τὸ</strong></span> <span class='ocrx_word' id='word_1_545' title='bbox 1082 2057 1094 2083; x_wconf 83' lang='grc' dir='ltr'><strong>ι</strong></span> <span class='ocrx_word' id='word_1_546' title='bbox 1105 2026 1248 2110; x_wconf 78' lang='grc' dir='ltr'>βαδίζεινυ·</span> <span class='ocrx_word' id='word_1_547' title='bbox 1260 2028 1345 2083; x_wconf 83' lang='grc' dir='ltr'>ταῦτα</span> <span class='ocrx_word' id='word_1_548' title='bbox 1355 2020 1406 2100; x_wconf 85' lang='grc' dir='ltr'>γδιρ</span> <span class='ocrx_word' id='word_1_549' title='bbox 1421 2019 1557 2100; x_wconf 72' lang='grc' dir='ltr'>ἀμφότερα</span> <span class='ocrx_word' id='word_1_550' title='bbox 1570 2018 1615 2075; x_wconf 79' lang='grc' dir='ltr'>καί</span> <span class='ocrx_word' id='word_1_551' title='bbox 1628 2017 1707 2098; x_wconf 87' lang='grc' dir='ltr'>κύρια</span> <span class='ocrx_word' id='word_1_552' title='bbox 1721 2016 1766 2077; x_wconf 81' lang='grc' dir='ltr'>καί</span> 
     </span>
     <span class='ocr_line' id='line_1_73' title="bbox 988 2106 1768 2195; baseline -0.019 -16"><span class='ocrx_word' id='word_1_553' title='bbox 988 2116 1127 2195; x_wconf 85' lang='grc' dir='ltr'>συνώνυμα</span> <span class='ocrx_word' id='word_1_554' title='bbox 1138 2114 1269 2185; x_wconf 78' lang='grc' dir='ltr'>ἀλλήλοις.</span> <span class='ocrx_word' id='word_1_555' title='bbox 1286 2112 1346 2172; x_wconf 88' lang='lat' dir='ltr'><strong>Cur</strong></span> <span class='ocrx_word' id='word_1_556' title='bbox 1360 2123 1452 2169; x_wconf 83' lang='lat' dir='ltr'><strong>autem</strong></span> <span class='ocrx_word' id='word_1_557' title='bbox 1464 2106 1514 2165; x_wconf 80' lang='lat' dir='ltr'><strong>liic</strong></span> <span class='ocrx_word' id='word_1_558' title='bbox 1529 2106 1661 2165; x_wconf 90' lang='lat' dir='ltr'><strong>intulerit</strong></span> <span class='ocrx_word' id='word_1_559' title='bbox 1673 2106 1768 2165; x_wconf 84' lang='lat' dir='ltr'><strong>Poeti-</strong></span> 
     </span>
     <span class='ocr_line' id='line_1_74' title="bbox 989 2193 1767 2285; baseline -0.022 -19"><span class='ocrx_word' id='word_1_560' title='bbox 989 2227 1052 2265; x_wconf 83' lang='lat' dir='ltr'><strong>cum</strong></span> <span class='ocrx_word' id='word_1_561' title='bbox 1068 2204 1250 2285; x_wconf 88' lang='lat' dir='ltr'><strong>Simplicius,</strong></span> <span class='ocrx_word' id='word_1_562' title='bbox 1276 2202 1396 2259; x_wconf 77' lang='lat' dir='ltr'><strong>sortasse</strong></span> <span class='ocrx_word' id='word_1_563' title='bbox 1420 2216 1485 2274; x_wconf 83' lang='lat' dir='ltr'><strong>quae</strong></span> <span class='ocrx_word' id='word_1_564' title='bbox 1504 2214 1572 2251; x_wconf 83' lang='lat' dir='ltr'><strong>mox</strong></span> <span class='ocrx_word' id='word_1_565' title='bbox 1592 2194 1668 2271; x_wconf 79' lang='lat' dir='ltr'><strong>apud</strong></span> <span class='ocrx_word' id='word_1_566' title='bbox 1685 2193 1767 2251; x_wconf 91' lang='lat' dir='ltr'><strong>illum</strong></span> 
     </span>
     <span class='ocr_line' id='line_1_75' title="bbox 989 2278 1770 2372; baseline -0.026 -16"><span class='ocrx_word' id='word_1_567' title='bbox 989 2307 1151 2372; x_wconf 87' lang='lat' dir='ltr'><strong>sequuntur</strong></span> <span class='ocrx_word' id='word_1_568' title='bbox 1167 2286 1430 2350; x_wconf 82' lang='lat' dir='ltr'><strong>ve1·baostendunt</strong></span> <span class='ocrx_word' id='word_1_569' title='bbox 1451 2303 1458 2342; x_wconf 94' lang='lat'><strong>:</strong></span> <span class='ocrx_word' id='word_1_570' title='bbox 1485 2280 1571 2342; x_wconf 85' lang='grc' dir='ltr'>Ἔνθα</span> <span class='ocrx_word' id='word_1_571' title='bbox 1598 2278 1626 2337; x_wconf 72' lang='grc' dir='ltr'><strong>δὲ</strong></span> <span class='ocrx_word' id='word_1_572' title='bbox 1649 2281 1709 2359; x_wconf 76' lang='grc' dir='ltr'>περὶ</span> <span class='ocrx_word' id='word_1_573' title='bbox 1724 2279 1770 2347; x_wconf 77' lang='grc' dir='ltr'><strong>τὰς</strong></span> 
     </span>
     <span class='ocr_line' id='line_1_76' title="bbox 989 2367 1769 2463; baseline -0.023 -20"><span class='ocrx_word' id='word_1_574' title='bbox 989 2382 1094 2449; x_wconf 81' lang='grc' dir='ltr'>πλείους</span> <span class='ocrx_word' id='word_1_575' title='bbox 1100 2380 1187 2463; x_wconf 71' lang='grc' dir='ltr'>ριιινδις</span> <span class='ocrx_word' id='word_1_576' title='bbox 1197 2383 1215 2451; x_wconf 77' lang='grc' dir='ltr'>ἦ</span> <span class='ocrx_word' id='word_1_577' title='bbox 1224 2374 1324 2449; x_wconf 78' lang='grc' dir='ltr'>σπουδὴ</span> <span class='ocrx_word' id='word_1_578' title='bbox 1337 2374 1382 2433; x_wconf 83' lang='grc' dir='ltr'>καὶ</span> <span class='ocrx_word' id='word_1_579' title='bbox 1391 2371 1438 2442; x_wconf 67' lang='grc' dir='ltr'><strong>τῆν</strong></span> <span class='ocrx_word' id='word_1_580' title='bbox 1450 2370 1574 2441; x_wconf 80' lang='grc' dir='ltr'>πολυειδῆ</span> <span class='ocrx_word' id='word_1_581' title='bbox 1587 2367 1697 2428; x_wconf 76' lang='grc' dir='ltr'>ἑκάστου</span> <span class='ocrx_word' id='word_1_582' title='bbox 1712 2370 1769 2426; x_wconf 75' lang='grc' dir='ltr'>ὀνο·</span> 
     </span>
     <span class='ocr_line' id='line_1_77' title="bbox 994 2456 1771 2551; baseline -0.022 -21"><span class='ocrx_word' id='word_1_583' title='bbox 994 2472 1105 2551; x_wconf 83' lang='grc' dir='ltr'>μασίαν,</span> <span class='ocrx_word' id='word_1_584' title='bbox 1121 2468 1212 2546; x_wconf 82' lang='grc' dir='ltr'>ὥσπερ</span> <span class='ocrx_word' id='word_1_585' title='bbox 1225 2467 1252 2523; x_wconf 79' lang='grc' dir='ltr'><strong>ἐν</strong></span> <span class='ocrx_word' id='word_1_586' title='bbox 1271 2466 1309 2543; x_wconf 81' lang='grc' dir='ltr'><strong>τῷ</strong></span> <span class='ocrx_word' id='word_1_587' title='bbox 1333 2460 1393 2539; x_wconf 77' lang='grc' dir='ltr'>περὶ</span> <span class='ocrx_word' id='word_1_588' title='bbox 1413 2462 1557 2531; x_wconf 86' lang='grc' dir='ltr'>Ποιητικῆς</span> <span class='ocrx_word' id='word_1_589' title='bbox 1573 2456 1670 2537; x_wconf 81' lang='grc' dir='ltr'>καὶτῷ</span> <span class='ocrx_word' id='word_1_590' title='bbox 1692 2456 1771 2537; x_wconf 84' lang='grc' dir='ltr'>τρίτῳ</span> 
     </span>
     <span class='ocr_line' id='line_1_78' title="bbox 992 2544 1770 2641; baseline -0.023 -22"><span class='ocrx_word' id='word_1_591' title='bbox 992 2560 1054 2641; x_wconf 78' lang='grc' dir='ltr'>περὶ</span> <span class='ocrx_word' id='word_1_592' title='bbox 1076 2557 1247 2635; x_wconf 77' lang='grc' dir='ltr'>Ῥητορικῆς,</span> <span class='ocrx_word' id='word_1_593' title='bbox 1275 2556 1320 2611; x_wconf 77' lang='grc' dir='ltr'><strong>τοῦ</strong></span> <span class='ocrx_word' id='word_1_594' title='bbox 1349 2546 1436 2629; x_wconf 80' lang='grc' dir='ltr'>ἑτέρου</span> <span class='ocrx_word' id='word_1_595' title='bbox 1469 2545 1620 2621; x_wconf 84' lang='grc' dir='ltr'>συνωνύμου</span> <span class='ocrx_word' id='word_1_596' title='bbox 1645 2544 1770 2621; x_wconf 85' lang='grc' dir='ltr'>δεόμεθα,</span> 
     </span>
     <span class='ocr_line' id='line_1_79' title="bbox 992 2634 1771 2725; baseline -0.023 -18"><span class='ocrx_word' id='word_1_597' title='bbox 992 2648 1057 2725; x_wconf 83' lang='grc' dir='ltr'>ὅπερ</span> <span class='ocrx_word' id='word_1_598' title='bbox 1067 2643 1262 2717; x_wconf 79' lang='grc' dir='ltr'>πολυώνυμονδ</span> <span class='ocrx_word' id='word_1_599' title='bbox 1276 2634 1446 2701; x_wconf 84' lang='grc' dir='ltr'>Σπεύσιππος</span> <span class='ocrx_word' id='word_1_600' title='bbox 1458 2634 1556 2693; x_wconf 82' lang='grc' dir='ltr'>ἐκάλει.</span> <span class='ocrx_word' id='word_1_601' title='bbox 1567 2634 1662 2701; x_wconf 86' lang='lat' dir='ltr'><strong>Quum</strong></span> <span class='ocrx_word' id='word_1_602' title='bbox 1677 2646 1771 2691; x_wconf 85' lang='lat' dir='ltr'><strong>nutem</strong></span> 
     </span>
     <span class='ocr_line' id='line_1_80' title="bbox 994 2718 1771 2811; baseline -0.026 -15"><span class='ocrx_word' id='word_1_603' title='bbox 994 2737 1026 2795; x_wconf 90' lang='lat' dir='ltr'><strong>in</strong></span> <span class='ocrx_word' id='word_1_604' title='bbox 1044 2736 1096 2794; x_wconf 93' lang='lat' dir='ltr'><strong>illo</strong></span> <span class='ocrx_word' id='word_1_605' title='bbox 1112 2732 1206 2811; x_wconf 86' lang='lat' dir='ltr'><strong>capite</strong></span> <span class='ocrx_word' id='word_1_606' title='bbox 1218 2727 1391 2796; x_wconf 76' lang='lat' dir='ltr'><strong>Rhetoricae,</strong></span> <span class='ocrx_word' id='word_1_607' title='bbox 1405 2722 1483 2801; x_wconf 88' lang='lat' dir='ltr'><strong>qnod</strong></span> <span class='ocrx_word' id='word_1_608' title='bbox 1497 2718 1546 2777; x_wconf 81' lang='lat' dir='ltr'><strong>tte</strong></span> <span class='ocrx_word' id='word_1_609' title='bbox 1560 2720 1701 2792; x_wconf 81' lang='lat' dir='ltr'><strong>laudatur,</strong></span> <span class='ocrx_word' id='word_1_610' title='bbox 1716 2719 1771 2792; x_wconf 87' lang='lat' dir='ltr'><strong>tlt,</strong></span> 
     </span>
     <span class='ocr_line' id='line_1_81' title="bbox 997 2807 1775 2897; baseline -0.024 -13"><span class='ocrx_word' id='word_1_611' title='bbox 997 2846 1028 2897; x_wconf 76' lang='grc' dir='ltr'><strong>α,</strong></span> <span class='ocrx_word' id='word_1_612' title='bbox 1045 2823 1141 2882; x_wconf 88' lang='lat' dir='ltr'><strong>tribus</strong></span> <span class='ocrx_word' id='word_1_613' title='bbox 1154 2820 1226 2879; x_wconf 88' lang='lat' dir='ltr'><strong>locis</strong></span> <span class='ocrx_word' id='word_1_614' title='bbox 1241 2815 1363 2875; x_wconf 85' lang='lat' dir='ltr'><strong>Poetica</strong></span> <span class='ocrx_word' id='word_1_615' title='bbox 1374 2815 1409 2871; x_wconf 81' lang='lat' dir='ltr'><strong>ab</strong></span> <span class='ocrx_word' id='word_1_616' title='bbox 1424 2813 1488 2889; x_wconf 90' lang='lat' dir='ltr'><strong>ipso</strong></span> <span class='ocrx_word' id='word_1_617' title='bbox 1498 2808 1674 2887; x_wconf 88' lang='lat' dir='ltr'><strong>philosopho</strong></span> <span class='ocrx_word' id='word_1_618' title='bbox 1684 2807 1775 2865; x_wconf 91' lang='lat' dir='ltr'><strong>nomi-</strong></span> 
     </span>
     <span class='ocr_line' id='line_1_82' title="bbox 995 2894 1774 2989; baseline -0.03 -14"><span class='ocrx_word' id='word_1_619' title='bbox 995 2928 1092 2985; x_wconf 80' lang='lat' dir='ltr'><strong>netur,</strong></span> <span class='ocrx_word' id='word_1_620' title='bbox 1106 2913 1152 2989; x_wconf 65' lang='grc' dir='ltr'>δα</span> <span class='ocrx_word' id='word_1_621' title='bbox 1168 2932 1174 2965; x_wconf 91' lang='lat'>:</span> <span class='ocrx_word' id='word_1_622' title='bbox 1190 2910 1252 2969; x_wconf 82' lang='grc' dir='ltr'><strong>Τῶν</strong></span> <span class='ocrx_word' id='word_1_623' title='bbox 1260 2904 1283 2964; x_wconf 85' lang='grc' dir='ltr'><strong>δ’</strong></span> <span class='ocrx_word' id='word_1_624' title='bbox 1299 2900 1434 2979; x_wconf 74' lang='grc' dir='ltr'>ὀνομάτων</span> <span class='ocrx_word' id='word_1_625' title='bbox 1450 2898 1494 2957; x_wconf 82' lang='grc' dir='ltr'>καί</span> <span class='ocrx_word' id='word_1_626' title='bbox 1507 2898 1631 2978; x_wconf 77' lang='grc' dir='ltr'>ῥημάτιον</span> <span class='ocrx_word' id='word_1_627' title='bbox 1643 2901 1714 2975; x_wconf 72' lang='grc' dir='ltr'>παρῆ</span> <span class='ocrx_word' id='word_1_628' title='bbox 1726 2894 1774 2971; x_wconf 65' lang='grc' dir='ltr'><strong>μὲν</strong></span> 
     </span>
     <span class='ocr_line' id='line_1_83' title="bbox 995 2982 1774 3075; baseline -0.028 -13"><span class='ocrx_word' id='word_1_629' title='bbox 995 3006 1067 3062; x_wconf 82' lang='grc' dir='ltr'>ποιεῖ</span> <span class='ocrx_word' id='word_1_630' title='bbox 1080 2998 1142 3075; x_wconf 77' lang='grc' dir='ltr'>(τὴν</span> <span class='ocrx_word' id='word_1_631' title='bbox 1158 2995 1226 3063; x_wconf 77' lang='grc' dir='ltr'>λέξιν</span> <span class='ocrx_word' id='word_1_632' title='bbox 1238 2996 1247 3069; x_wconf 84' lang='grc'>)</span> <span class='ocrx_word' id='word_1_633' title='bbox 1259 2990 1293 3051; x_wconf 79' lang='lat' dir='ltr'><strong>sir</strong></span> <span class='ocrx_word' id='word_1_634' title='bbox 1307 2989 1397 3070; x_wconf 86' lang='grc' dir='ltr'>κύρια,</span> <span class='ocrx_word' id='word_1_635' title='bbox 1417 2987 1453 3062; x_wconf 82' lang='grc' dir='ltr'><strong>μὴ</strong></span> <span class='ocrx_word' id='word_1_636' title='bbox 1469 2984 1593 3055; x_wconf 85' lang='grc' dir='ltr'>ταπεινὴν</span> <span class='ocrx_word' id='word_1_637' title='bbox 1609 2982 1636 3043; x_wconf 77' lang='grc' dir='ltr'><strong>δέ</strong></span> <span class='ocrx_word' id='word_1_638' title='bbox 1649 2982 1717 3041; x_wconf 76' lang='grc' dir='ltr'>ἀλλὰ</span> <span class='ocrx_word' id='word_1_639' title='bbox 1730 3006 1774 3041; x_wconf 85' lang='grc' dir='ltr'><strong>κε-</strong></span> 
     </span>
     <span class='ocr_line' id='line_1_84' title="bbox 997 3070 1775 3169; baseline -0.026 -22"><span class='ocrx_word' id='word_1_640' title='bbox 997 3087 1168 3169; x_wconf 80' lang='grc' dir='ltr'>κοσμημένην</span> <span class='ocrx_word' id='word_1_641' title='bbox 1186 3081 1272 3143; x_wconf 77' lang='grc' dir='ltr'>τᾶλλα</span> <span class='ocrx_word' id='word_1_642' title='bbox 1285 3077 1402 3155; x_wconf 82' lang='grc' dir='ltr'>ὀνόματα</span> <span class='ocrx_word' id='word_1_643' title='bbox 1417 3073 1465 3133; x_wconf 79' lang='grc' dir='ltr'>ὅσα</span> <span class='ocrx_word' id='word_1_644' title='bbox 1487 3072 1589 3152; x_wconf 81' lang='grc' dir='ltr'>εἴρηται</span> <span class='ocrx_word' id='word_1_645' title='bbox 1604 3076 1630 3132; x_wconf 72' lang='grc' dir='ltr'><strong>ἐν</strong></span> <span class='ocrx_word' id='word_1_646' title='bbox 1645 3072 1697 3136; x_wconf 82' lang='grc' dir='ltr'>τοῖς</span> <span class='ocrx_word' id='word_1_647' title='bbox 1714 3070 1775 3150; x_wconf 83' lang='grc' dir='ltr'>περὶ</span> 
     </span>
     <span class='ocr_line' id='line_1_85' title="bbox 999 3157 1775 3251; baseline -0.034 -10"><span class='ocrx_word' id='word_1_648' title='bbox 999 3179 1154 3251; x_wconf 86' lang='grc' dir='ltr'>Ποιητικῆς·</span> <span class='ocrx_word' id='word_1_649' title='bbox 1169 3174 1187 3251; x_wconf 74' lang='lat' dir='ltr'><strong>S</strong></span> <span class='ocrx_word' id='word_1_650' title='bbox 1202 3171 1218 3228; x_wconf 82' lang='lat'>5</span> <span class='ocrx_word' id='word_1_651' title='bbox 1232 3190 1241 3231; x_wconf 71' lang='grc' dir='ltr'>ι</span> <span class='ocrx_word' id='word_1_652' title='bbox 1255 3170 1318 3229; x_wconf 83' lang='grc' dir='ltr'><strong>Τῶν</strong></span> <span class='ocrx_word' id='word_1_653' title='bbox 1335 3162 1362 3223; x_wconf 78' lang='grc' dir='ltr'><strong>δὲ</strong></span> <span class='ocrx_word' id='word_1_654' title='bbox 1385 3161 1520 3238; x_wconf 77' lang='grc' dir='ltr'>δνομοίτων</span> <span class='ocrx_word' id='word_1_655' title='bbox 1539 3159 1645 3219; x_wconf 76' lang='grc' dir='ltr'>τοσαῦτ’</span> <span class='ocrx_word' id='word_1_656' title='bbox 1662 3157 1775 3237; x_wconf 77' lang='grc' dir='ltr'>ἐχόντων</span> 
     </span>
     <span class='ocr_line' id='line_1_86' title="bbox 998 3246 1777 3341; baseline -0.033 -13"><span class='ocrx_word' id='word_1_657' title='bbox 998 3268 1054 3339; x_wconf 84' lang='grc' dir='ltr'>εἴδη</span> <span class='ocrx_word' id='word_1_658' title='bbox 1068 3266 1117 3325; x_wconf 77' lang='grc' dir='ltr'>ὅσα</span> <span class='ocrx_word' id='word_1_659' title='bbox 1132 3258 1291 3341; x_wconf 78' lang='grc' dir='ltr'>τεθεώρηται</span> <span class='ocrx_word' id='word_1_660' title='bbox 1309 3258 1337 3315; x_wconf 78' lang='grc' dir='ltr'><strong>ἰν</strong></span> <span class='ocrx_word' id='word_1_661' title='bbox 1357 3246 1484 3330; x_wconf 76' lang='grc' dir='ltr'>τοῖςπερὶ</span> <span class='ocrx_word' id='word_1_662' title='bbox 1500 3246 1642 3318; x_wconf 79' lang='grc' dir='ltr'>ΙΙαιῆσεως·</span> <span class='ocrx_word' id='word_1_663' title='bbox 1656 3248 1674 3323; x_wconf 81' lang='lat' dir='ltr'><strong>S</strong></span> <span class='ocrx_word' id='word_1_664' title='bbox 1687 3268 1702 3320; x_wconf 87' lang='lat'><em>7</em></span> <span class='ocrx_word' id='word_1_665' title='bbox 1718 3268 1726 3304; x_wconf 81' lang='grc' dir='ltr'><strong>ι</strong></span> <span class='ocrx_word' id='word_1_666' title='bbox 1740 3246 1777 3306; x_wconf 85' lang='grc' dir='ltr'><strong>Τί</strong></span> 
     </span>
     <span class='ocr_line' id='line_1_87' title="bbox 999 3332 1776 3432; baseline -0.031 -18"><span class='ocrx_word' id='word_1_667' title='bbox 999 3355 1046 3432; x_wconf 79' lang='grc' dir='ltr'><strong>μὲν</strong></span> <span class='ocrx_word' id='word_1_668' title='bbox 1062 3342 1106 3412; x_wconf 75' lang='grc' dir='ltr'><strong>σύν</strong></span> <span class='ocrx_word' id='word_1_669' title='bbox 1120 3348 1218 3410; x_wconf 90' lang='grc' dir='ltr'>τούτων</span> <span class='ocrx_word' id='word_1_670' title='bbox 1232 3341 1342 3405; x_wconf 81' lang='grc' dir='ltr'>έκαστόν</span> <span class='ocrx_word' id='word_1_671' title='bbox 1369 3344 1425 3401; x_wconf 82' lang='grc' dir='ltr'>ἐστι</span> <span class='ocrx_word' id='word_1_672' title='bbox 1442 3336 1487 3397; x_wconf 82' lang='grc' dir='ltr'>καί</span> <span class='ocrx_word' id='word_1_673' title='bbox 1499 3335 1570 3395; x_wconf 86' lang='grc' dir='ltr'>πόσα</span> <span class='ocrx_word' id='word_1_674' title='bbox 1584 3332 1640 3404; x_wconf 82' lang='grc' dir='ltr'>εἴδη</span> <span class='ocrx_word' id='word_1_675' title='bbox 1651 3354 1776 3411; x_wconf 77' lang='grc' dir='ltr'>μεταφο-</span> 
     </span>
     <span class='ocr_line' id='line_1_88' title="bbox 999 3419 1778 3525; baseline -0.028 -24"><span class='ocrx_word' id='word_1_676' title='bbox 999 3453 1054 3525; x_wconf 77' lang='grc' dir='ltr'>ρᾶς,</span> <span class='ocrx_word' id='word_1_677' title='bbox 1078 3440 1123 3499; x_wconf 80' lang='grc' dir='ltr'>καί</span> <span class='ocrx_word' id='word_1_678' title='bbox 1146 3438 1186 3499; x_wconf 80' lang='grc' dir='ltr'><strong>δτι</strong></span> <span class='ocrx_word' id='word_1_679' title='bbox 1200 3438 1277 3493; x_wconf 79' lang='grc' dir='ltr'>τοῦτο</span> <span class='ocrx_word' id='word_1_680' title='bbox 1302 3430 1423 3487; x_wconf 87' lang='grc' dir='ltr'>πλεῖστον</span> <span class='ocrx_word' id='word_1_681' title='bbox 1447 3423 1555 3483; x_wconf 86' lang='grc' dir='ltr'>δύναται</span> <span class='ocrx_word' id='word_1_682' title='bbox 1571 3421 1616 3480; x_wconf 84' lang='grc' dir='ltr'>καί</span> <span class='ocrx_word' id='word_1_683' title='bbox 1630 3424 1657 3481; x_wconf 77' lang='grc' dir='ltr'><strong>ἐν</strong></span> <span class='ocrx_word' id='word_1_684' title='bbox 1674 3419 1778 3491; x_wconf 76' lang='grc' dir='ltr'>ποιήσει</span> 
     </span>
     <span class='ocr_line' id='line_1_89' title="bbox 998 3507 1776 3605; baseline -0.035 -14"><span class='ocrx_word' id='word_1_685' title='bbox 998 3533 1044 3591; x_wconf 83' lang='grc' dir='ltr'>καί</span> <span class='ocrx_word' id='word_1_686' title='bbox 1059 3533 1085 3588; x_wconf 78' lang='grc' dir='ltr'><strong>έν</strong></span> <span class='ocrx_word' id='word_1_687' title='bbox 1098 3527 1193 3605; x_wconf 84' lang='grc' dir='ltr'>λέγοιτ,</span> <span class='ocrx_word' id='word_1_688' title='bbox 1207 3513 1408 3598; x_wconf 76' lang='grc' dir='ltr'>αίμεταροραί,</span> <span class='ocrx_word' id='word_1_689' title='bbox 1420 3513 1539 3593; x_wconf 81' lang='grc' dir='ltr'>εἴρηται,</span> <span class='ocrx_word' id='word_1_690' title='bbox 1552 3509 1671 3589; x_wconf 77' lang='grc' dir='ltr'>καθάπερ</span> <span class='ocrx_word' id='word_1_691' title='bbox 1688 3507 1776 3586; x_wconf 79' lang='grc' dir='ltr'>ἐλέγο-</span> 
     </span>
     <span class='ocr_line' id='line_1_90' title="bbox 1000 3597 1778 3697; baseline -0.031 -18"><span class='ocrx_word' id='word_1_692' title='bbox 1000 3643 1048 3697; x_wconf 82' lang='grc' dir='ltr'><strong>μεν</strong></span> <span class='ocrx_word' id='word_1_693' title='bbox 1064 3621 1090 3677; x_wconf 82' lang='grc' dir='ltr'><strong>ἐν</strong></span> <span class='ocrx_word' id='word_1_694' title='bbox 1102 3624 1156 3682; x_wconf 86' lang='grc' dir='ltr'>τοῖς</span> <span class='ocrx_word' id='word_1_695' title='bbox 1168 3611 1228 3691; x_wconf 78' lang='grc' dir='ltr'>περὶ</span> <span class='ocrx_word' id='word_1_696' title='bbox 1236 3608 1390 3680; x_wconf 84' lang='grc' dir='ltr'>Ποιητικῆς·</span> <span class='ocrx_word' id='word_1_697' title='bbox 1411 3620 1474 3679; x_wconf 81' lang='lat' dir='ltr'><strong>quae</strong></span> <span class='ocrx_word' id='word_1_698' title='bbox 1489 3610 1592 3657; x_wconf 88' lang='lat' dir='ltr'><strong>cuncta</strong></span> <span class='ocrx_word' id='word_1_699' title='bbox 1607 3598 1642 3655; x_wconf 87' lang='lat' dir='ltr'><strong>ad</strong></span> <span class='ocrx_word' id='word_1_700' title='bbox 1655 3597 1778 3657; x_wconf 80' lang='lat' dir='ltr'><strong>Poeticae</strong></span> 
     </span>
     <span class='ocr_line' id='line_1_91' title="bbox 1000 3684 1777 3783; baseline -0.031 -17"><span class='ocrx_word' id='word_1_701' title='bbox 1000 3729 1027 3767; x_wconf 94' lang='lat' dir='ltr'><strong>c.</strong></span> <span class='ocrx_word' id='word_1_702' title='bbox 1042 3727 1078 3765; x_wconf 82' lang='grc' dir='ltr'><strong>οο</strong></span> <span class='ocrx_word' id='word_1_703' title='bbox 1095 3712 1242 3783; x_wconf 91' lang='lat' dir='ltr'><strong>spectant,</strong></span> <span class='ocrx_word' id='word_1_704' title='bbox 1254 3695 1338 3756; x_wconf 76' lang='lat' dir='ltr'><strong>facile</strong></span> <span class='ocrx_word' id='word_1_705' title='bbox 1350 3690 1413 3750; x_wconf 85' lang='lat' dir='ltr'><strong>lieri</strong></span> <span class='ocrx_word' id='word_1_706' title='bbox 1428 3688 1521 3767; x_wconf 87' lang='lat' dir='ltr'><strong>potuit</strong></span> <span class='ocrx_word' id='word_1_707' title='bbox 1532 3698 1564 3745; x_wconf 90' lang='lat' dir='ltr'><strong>ut</strong></span> <span class='ocrx_word' id='word_1_708' title='bbox 1578 3684 1777 3763; x_wconf 86' lang='lat' dir='ltr'><strong>Porphyrius,</strong></span> 
     </span>
     <span class='ocr_line' id='line_1_92' title="bbox 1000 3772 1778 3872; baseline -0.03 -18"><span class='ocrx_word' id='word_1_709' title='bbox 1000 3814 1086 3872; x_wconf 84' lang='lat' dir='ltr'><strong>equo</strong></span> <span class='ocrx_word' id='word_1_710' title='bbox 1099 3792 1200 3851; x_wconf 86' lang='lat' dir='ltr'><strong>bnusta</strong></span> <span class='ocrx_word' id='word_1_711' title='bbox 1208 3798 1276 3849; x_wconf 89' lang='lat' dir='ltr'><strong>sunt</strong></span> <span class='ocrx_word' id='word_1_712' title='bbox 1288 3802 1354 3862; x_wconf 86' lang='lat' dir='ltr'><strong>quae</strong></span> <span class='ocrx_word' id='word_1_713' title='bbox 1362 3778 1449 3841; x_wconf 85' lang='lat' dir='ltr'><strong>habet</strong></span> <span class='ocrx_word' id='word_1_714' title='bbox 1460 3774 1641 3853; x_wconf 86' lang='lat' dir='ltr'><strong>Simplicius,</strong></span> <span class='ocrx_word' id='word_1_715' title='bbox 1658 3774 1694 3831; x_wconf 92' lang='lat' dir='ltr'><strong>de</strong></span> <span class='ocrx_word' id='word_1_716' title='bbox 1705 3772 1778 3832; x_wconf 84' lang='lat' dir='ltr'><strong>Rhe-</strong></span> 
     </span>
     <span class='ocr_line' id='line_1_93' title="bbox 1002 3860 1779 3942; baseline -0.026 -1"><span class='ocrx_word' id='word_1_717' title='bbox 1002 3884 1095 3942; x_wconf 87' lang='lat' dir='ltr'><strong>toricu</strong></span> <span class='ocrx_word' id='word_1_718' title='bbox 1109 3879 1196 3941; x_wconf 88' lang='lat' dir='ltr'><strong>simul</strong></span> <span class='ocrx_word' id='word_1_719' title='bbox 1207 3885 1236 3935; x_wconf 89' lang='lat' dir='ltr'><strong>et</strong></span> <span class='ocrx_word' id='word_1_720' title='bbox 1249 3874 1287 3933; x_wconf 85' lang='lat' dir='ltr'><strong>de</strong></span> <span class='ocrx_word' id='word_1_721' title='bbox 1298 3870 1416 3932; x_wconf 75' lang='lat' dir='ltr'><strong>Portica</strong></span> <span class='ocrx_word' id='word_1_722' title='bbox 1427 3866 1540 3924; x_wconf 84' lang='lat' dir='ltr'><strong>locunts</strong></span> <span class='ocrx_word' id='word_1_723' title='bbox 1550 3864 1598 3935; x_wconf 89' lang='lat' dir='ltr'><strong>sit,</strong></span> <span class='ocrx_word' id='word_1_724' title='bbox 1610 3860 1779 3939; x_wconf 83' lang='lat' dir='ltr'><strong>Simplicius</strong></span> 
     </span>
     <span class='ocr_line' id='line_1_94' title="bbox 1002 3949 1779 4031; baseline -0.03 -2"><span class='ocrx_word' id='word_1_725' title='bbox 1002 3990 1074 4031; x_wconf 86' lang='lat' dir='ltr'><strong>vero</strong></span> <span class='ocrx_word' id='word_1_726' title='bbox 1089 3989 1147 4029; x_wconf 90' lang='lat' dir='ltr'><strong>non</strong></span> <span class='ocrx_word' id='word_1_727' title='bbox 1161 3965 1231 4027; x_wconf 83' lang='lat' dir='ltr'><strong>satis</strong></span> <span class='ocrx_word' id='word_1_728' title='bbox 1245 3970 1377 4021; x_wconf 75' lang='lat' dir='ltr'><strong>accurate</strong></span> <span class='ocrx_word' id='word_1_729' title='bbox 1394 3953 1477 4013; x_wconf 90' lang='lat' dir='ltr'><strong>illum</strong></span> <span class='ocrx_word' id='word_1_730' title='bbox 1492 3950 1689 4027; x_wconf 81' lang='lat' dir='ltr'><strong>exscripserit.</strong></span> <span class='ocrx_word' id='word_1_731' title='bbox 1707 3949 1779 4009; x_wconf 90' lang='lat' dir='ltr'><strong>Inde</strong></span> 
     </span>
     <span class='ocr_line' id='line_1_95' title="bbox 1003 4037 1778 4141; baseline -0.036 -18"><span class='ocrx_word' id='word_1_732' title='bbox 1003 4059 1183 4141; x_wconf 83' lang='lat' dir='ltr'><strong>perspicias,</strong></span> <span class='ocrx_word' id='word_1_733' title='bbox 1200 4073 1235 4113; x_wconf 81' lang='lat' dir='ltr'><strong>ea</strong></span> <span class='ocrx_word' id='word_1_734' title='bbox 1255 4052 1291 4109; x_wconf 88' lang='lat' dir='ltr'><strong>de</strong></span> <span class='ocrx_word' id='word_1_735' title='bbox 1314 4046 1423 4127; x_wconf 90' lang='lat' dir='ltr'><strong>quibus</strong></span> <span class='ocrx_word' id='word_1_736' title='bbox 1442 4039 1614 4119; x_wconf 89' lang='lat' dir='ltr'><strong>Simplicius</strong></span> <span class='ocrx_word' id='word_1_737' title='bbox 1634 4037 1778 4113; x_wconf 85' lang='lat' dir='ltr'><strong>loquitur,</strong></span> 
     </span>
     <span class='ocr_line' id='line_1_96' title="bbox 1004 4123 1781 4227; baseline -0.04 -15"><span class='ocrx_word' id='word_1_738' title='bbox 1004 4170 1099 4227; x_wconf 88' lang='lat' dir='ltr'><strong>neque</strong></span> <span class='ocrx_word' id='word_1_739' title='bbox 1122 4166 1138 4207; x_wconf 90' lang='lat' dir='ltr'><strong>e</strong></span> <span class='ocrx_word' id='word_1_740' title='bbox 1162 4142 1259 4221; x_wconf 89' lang='lat' dir='ltr'><strong>capite</strong></span> <span class='ocrx_word' id='word_1_741' title='bbox 1280 4158 1314 4196; x_wconf 80' lang='lat' dir='ltr'><strong>or</strong></span> <span class='ocrx_word' id='word_1_742' title='bbox 1334 4132 1462 4194; x_wconf 79' lang='lat' dir='ltr'><strong>Poeticae</strong></span> <span class='ocrx_word' id='word_1_743' title='bbox 1482 4126 1641 4199; x_wconf 75' lang='lat' dir='ltr'><strong>excidisse,</strong></span> <span class='ocrx_word' id='word_1_744' title='bbox 1660 4138 1692 4183; x_wconf 92' lang='lat' dir='ltr'><strong>ut</strong></span> <span class='ocrx_word' id='word_1_745' title='bbox 1706 4123 1781 4201; x_wconf 78' lang='lat' dir='ltr'><strong>&#39;lyr-</strong></span> 
     </span>
     <span class='ocr_line' id='line_1_97' title="bbox 1005 4212 1775 4311; baseline -0.042 -10"><span class='ocrx_word' id='word_1_746' title='bbox 1005 4241 1124 4300; x_wconf 90' lang='lat' dir='ltr'><strong>whittus</strong></span> <span class='ocrx_word' id='word_1_747' title='bbox 1138 4228 1333 4311; x_wconf 76' lang='lat' dir='ltr'><strong>conjiciebat,</strong></span> <span class='ocrx_word' id='word_1_748' title='bbox 1349 4240 1443 4299; x_wconf 83' lang='lat' dir='ltr'><strong>neque</strong></span> <span class='ocrx_word' id='word_1_749' title='bbox 1457 4236 1523 4277; x_wconf 88' lang='lat' dir='ltr'><strong>cnm</strong></span> <span class='ocrx_word' id='word_1_750' title='bbox 1537 4214 1694 4294; x_wconf 83' lang='lat' dir='ltr'><strong>Spengelio</strong></span> <span class='ocrx_word' id='word_1_751' title='bbox 1714 4212 1775 4293; x_wconf 84' lang='lat' dir='ltr'><strong>(cl.</strong></span> 
     </span>
     <span class='ocr_line' id='line_1_98' title="bbox 1007 4299 1780 4387; baseline -0.04 2"><span class='ocrx_word' id='word_1_752' title='bbox 1007 4330 1113 4387; x_wconf 83' lang='lat' dir='ltr'><strong>Annal.</strong></span> <span class='ocrx_word' id='word_1_753' title='bbox 1125 4329 1241 4383; x_wconf 87' lang='lat' dir='ltr'><strong>Monac.</strong></span> <span class='ocrx_word' id='word_1_754' title='bbox 1256 4318 1347 4385; x_wconf 70' lang='lat'><strong>1840,</strong></span> <span class='ocrx_word' id='word_1_755' title='bbox 1363 4331 1408 4369; x_wconf 91' lang='lat' dir='ltr'><strong>nr.</strong></span> <span class='ocrx_word' id='word_1_756' title='bbox 1430 4308 1484 4367; x_wconf 89' lang='grc' dir='ltr'><strong>ι33</strong></span> <span class='ocrx_word' id='word_1_757' title='bbox 1494 4350 1502 4377; x_wconf 96' lang='grc'><strong>,</strong></span> <span class='ocrx_word' id='word_1_758' title='bbox 1512 4325 1544 4382; x_wconf 91' lang='lat' dir='ltr'><strong>p.</strong></span> <span class='ocrx_word' id='word_1_759' title='bbox 1559 4322 1598 4378; x_wconf 77' lang='lat'><strong>29</strong></span> <span class='ocrx_word' id='word_1_760' title='bbox 1611 4314 1640 4359; x_wconf 86' lang='lat' dir='ltr'><strong>ct</strong></span> <span class='ocrx_word' id='word_1_761' title='bbox 1650 4299 1780 4383; x_wconf 83' lang='lat' dir='ltr'><strong>ejusdem</strong></span> 
     </span>
     <span class='ocr_line' id='line_1_99' title="bbox 1008 4388 1781 4479; baseline -0.045 0"><span class='ocrx_word' id='word_1_762' title='bbox 1008 4414 1217 4479; x_wconf 78' lang='lat' dir='ltr'><strong>Aristoteliscde</strong></span> <span class='ocrx_word' id='word_1_763' title='bbox 1231 4410 1358 4467; x_wconf 81' lang='lat' dir='ltr'><strong>Studien.</strong></span> <span class='ocrx_word' id='word_1_764' title='bbox 1373 4397 1442 4472; x_wconf 68' lang='lat' dir='ltr'><strong>Hqst</strong></span> <span class='ocrx_word' id='word_1_765' title='bbox 1455 4394 1504 4455; x_wconf 87' lang='lat' dir='ltr'><strong>lV.</strong></span> <span class='ocrx_word' id='word_1_766' title='bbox 1517 4392 1679 4463; x_wconf 86' lang='lat' dir='ltr'><strong>llliinchen,</strong></span> <span class='ocrx_word' id='word_1_767' title='bbox 1696 4388 1781 4459; x_wconf 80' lang='lat'><strong>1866,</strong></span> 
     </span>
     <span class='ocr_line' id='line_1_100' title="bbox 1009 4477 1782 4585; baseline -0.039 -19"><span class='ocrx_word' id='word_1_768' title='bbox 1009 4526 1039 4585; x_wconf 89' lang='lat' dir='ltr'><strong>p.</strong></span> <span class='ocrx_word' id='word_1_769' title='bbox 1058 4506 1113 4584; x_wconf 74' lang='lat' dir='ltr'><strong>sq)</strong></span> <span class='ocrx_word' id='word_1_770' title='bbox 1130 4502 1166 4563; x_wconf 88' lang='lat' dir='ltr'><strong>de</strong></span> <span class='ocrx_word' id='word_1_771' title='bbox 1180 4500 1218 4560; x_wconf 92' lang='lat' dir='ltr'><strong>iis</strong></span> <span class='ocrx_word' id='word_1_772' title='bbox 1240 4513 1305 4575; x_wconf 79' lang='lat' dir='ltr'><strong>quac</strong></span> <span class='ocrx_word' id='word_1_773' title='bbox 1319 4484 1493 4550; x_wconf 79' lang='lat' dir='ltr'><strong>comoediam</strong></span> <span class='ocrx_word' id='word_1_774' title='bbox 1518 4477 1680 4539; x_wconf 84' lang='lat' dir='ltr'><strong>tractabant</strong></span> <span class='ocrx_word' id='word_1_775' title='bbox 1701 4478 1782 4556; x_wconf 84' lang='lat' dir='ltr'><strong>cogi·</strong></span> 
     </span>
     <span class='ocr_line' id='line_1_101' title="bbox 1009 4566 1779 4655; baseline -0.031 -6"><span class='ocrx_word' id='word_1_776' title='bbox 1009 4593 1129 4655; x_wconf 82' lang='lat' dir='ltr'><strong>tandum</strong></span> <span class='ocrx_word' id='word_1_777' title='bbox 1155 4606 1229 4651; x_wconf 81' lang='lat' dir='ltr'><strong>esse.</strong></span> <span class='ocrx_word' id='word_1_778' title='bbox 1256 4579 1377 4643; x_wconf 81' lang='lat' dir='ltr'><strong>Erravit</strong></span> <span class='ocrx_word' id='word_1_779' title='bbox 1401 4576 1470 4636; x_wconf 88' lang='lat' dir='ltr'><strong>item</strong></span> <span class='ocrx_word' id='word_1_780' title='bbox 1498 4568 1594 4629; x_wconf 75' lang='lat' dir='ltr'><strong>David</strong></span> <span class='ocrx_word' id='word_1_781' title='bbox 1620 4570 1652 4625; x_wconf 90' lang='lat' dir='ltr'><strong>in</strong></span> <span class='ocrx_word' id='word_1_782' title='bbox 1680 4566 1779 4641; x_wconf 76' lang='lat' dir='ltr'><strong>Categ.</strong></span> 
     </span>
     <span class='ocr_line' id='line_1_102' title="bbox 1010 4650 1781 4763; baseline -0.039 -23"><span class='ocrx_word' id='word_1_783' title='bbox 1010 4704 1039 4763; x_wconf 94' lang='lat' dir='ltr'><strong>p.</strong></span> <span class='ocrx_word' id='word_1_784' title='bbox 1056 4681 1111 4755; x_wconf 76' lang='lat'><strong>25,</strong></span> <span class='ocrx_word' id='word_1_785' title='bbox 1128 4680 1168 4751; x_wconf 86' lang='lat' dir='ltr'><strong>B,</strong></span> <span class='ocrx_word' id='word_1_786' title='bbox 1188 4697 1223 4749; x_wconf 84' lang='lat'><strong>17</strong></span> <span class='ocrx_word' id='word_1_787' title='bbox 1241 4696 1248 4731; x_wconf 83' lang='grc' dir='ltr'><strong>ι</strong></span> <span class='ocrx_word' id='word_1_788' title='bbox 1264 4669 1309 4733; x_wconf 80' lang='grc' dir='ltr'><strong>Τδ</strong></span> <span class='ocrx_word' id='word_1_789' title='bbox 1324 4668 1352 4729; x_wconf 77' lang='grc' dir='ltr'><strong>δὲ</strong></span> <span class='ocrx_word' id='word_1_790' title='bbox 1373 4660 1540 4738; x_wconf 73' lang='grc' dir='ltr'>ὑποδυόμενα</span> <span class='ocrx_word' id='word_1_791' title='bbox 1555 4654 1638 4728; x_wconf 68' lang='lat' dir='ltr'><strong>cirris</strong></span> <span class='ocrx_word' id='word_1_792' title='bbox 1650 4650 1698 4725; x_wconf 79' lang='grc' dir='ltr'><strong>τλν</strong></span> <span class='ocrx_word' id='word_1_793' title='bbox 1712 4652 1781 4712; x_wconf 79' lang='lat' dir='ltr'><strong>dud·</strong></span> 
     </span>
    </p>
   </div>
   <div class='ocr_carea' id='block_1_10' title="bbox 1010 4742 1782 4841">
    <p class='ocr_par' dir='ltr' id='par_1_10' title="bbox 1010 4742 1782 4841">
     <span class='ocr_line' id='line_1_103' title="bbox 1010 4742 1782 4841; baseline -0.043 -8"><span class='ocrx_word' id='word_1_794' title='bbox 1010 4771 1086 4841; x_wconf 78' lang='grc' dir='ltr'>διιξίν</span> <span class='ocrx_word' id='word_1_795' title='bbox 1101 4772 1151 4830; x_wconf 81' lang='grc' dir='ltr'>εἰσι</span> <span class='ocrx_word' id='word_1_796' title='bbox 1168 4765 1203 4825; x_wconf 86' lang='grc' dir='ltr'><strong>τδι</strong></span> <span class='ocrx_word' id='word_1_797' title='bbox 1217 4760 1341 4832; x_wconf 81' lang='grc' dir='ltr'>Τοπικύ,</span> <span class='ocrx_word' id='word_1_798' title='bbox 1356 4756 1384 4813; x_wconf 82' lang='lat' dir='ltr'><strong>sl</strong></span> <span class='ocrx_word' id='word_1_799' title='bbox 1396 4746 1551 4829; x_wconf 83' lang='grc' dir='ltr'>Ῥητορικαλ</span> <span class='ocrx_word' id='word_1_800' title='bbox 1566 4743 1676 4826; x_wconf 82' lang='grc' dir='ltr'>τέχναι,</span> <span class='ocrx_word' id='word_1_801' title='bbox 1690 4742 1714 4801; x_wconf 87' lang='lat' dir='ltr'><strong>al</strong></span> <span class='ocrx_word' id='word_1_802' title='bbox 1729 4742 1782 4801; x_wconf 87' lang='grc' dir='ltr'><strong>Σο-</strong></span> 
     </span>
    </p>
   </div>
   <div class='ocr_carea' id='block_1_11' title="bbox 1011 4917 1787 5265">
    <p class='ocr_par' dir='ltr' id='par_1_11' title="bbox 1011 4917 1787 5265">
     <span class='ocr_line' id='line_1_104' title="bbox 1038 4917 1783 5015; baseline -0.058 -9"><span class='ocrx_word' id='word_1_803' title='bbox 1038 4959 1068 5015; x_wconf 78' lang='lat' dir='ltr'><strong>(tl</strong></span> <span class='ocrx_word' id='word_1_804' title='bbox 1085 4950 1227 5003; x_wconf 81' lang='lat' dir='ltr'><strong>rnemuttns</strong></span> <span class='ocrx_word' id='word_1_805' title='bbox 1241 4947 1264 4993; x_wconf 91' lang='lat' dir='ltr'><strong>ln</strong></span> <span class='ocrx_word' id='word_1_806' title='bbox 1280 4941 1384 5000; x_wconf 76' lang='grc' dir='ltr'>ειυιιιοαι</span> <span class='ocrx_word' id='word_1_807' title='bbox 1400 4936 1446 4984; x_wconf 85' lang='lat' dir='ltr'><strong>loct</strong></span> <span class='ocrx_word' id='word_1_808' title='bbox 1460 4928 1596 4989; x_wconf 74' lang='lat' dir='ltr'><strong>paraphrasi</strong></span> <span class='ocrx_word' id='word_1_809' title='bbox 1613 4925 1682 4971; x_wconf 81' lang='lat' dir='ltr'><strong>habet</strong></span> <span class='ocrx_word' id='word_1_810' title='bbox 1699 4917 1722 4967; x_wconf 77' lang='grc' dir='ltr'><strong>ιν</strong></span> <span class='ocrx_word' id='word_1_811' title='bbox 1736 4922 1783 4972; x_wconf 82' lang='grc' dir='ltr'>τοῖς</span> 
     </span>
     <span class='ocr_line' id='line_1_105' title="bbox 1013 4994 1784 5081; baseline -0.051 -5"><span class='ocrx_word' id='word_1_812' title='bbox 1013 5025 1124 5081; x_wconf 71' lang='grc' dir='ltr'>Ἠθικοῖς,</span> <span class='ocrx_word' id='word_1_813' title='bbox 1141 5024 1182 5071; x_wconf 91' lang='lat' dir='ltr'><strong>lol.</strong></span> <span class='ocrx_word' id='word_1_814' title='bbox 1193 5026 1221 5068; x_wconf 81' lang='lat' dir='ltr'><strong>ts</strong></span> <span class='ocrx_word' id='word_1_815' title='bbox 1235 5025 1313 5069; x_wconf 80' lang='lat' dir='ltr'><strong>serso,</strong></span> <span class='ocrx_word' id='word_1_816' title='bbox 1324 5016 1341 5059; x_wconf 91' lang='lat' dir='ltr'><strong>t.</strong></span> <span class='ocrx_word' id='word_1_817' title='bbox 1352 5012 1373 5057; x_wconf 92' lang='lat' dir='ltr'><strong>ll</strong></span> <span class='ocrx_word' id='word_1_818' title='bbox 1389 5019 1431 5065; x_wconf 72' lang='lat' dir='ltr'><strong>,p</strong></span> <span class='ocrx_word' id='word_1_819' title='bbox 1441 5010 1479 5059; x_wconf 79' lang='lat' dir='ltr'><strong>tt,</strong></span> <span class='ocrx_word' id='word_1_820' title='bbox 1495 5008 1507 5047; x_wconf 88' lang='lat' dir='ltr'><strong>t</strong></span> <span class='ocrx_word' id='word_1_821' title='bbox 1522 4996 1630 5053; x_wconf 68' lang='lat' dir='ltr'><strong>Spengel.</strong></span> <span class='ocrx_word' id='word_1_822' title='bbox 1640 4994 1677 5041; x_wconf 86' lang='lat' dir='ltr'><strong>cl.</strong></span> <span class='ocrx_word' id='word_1_823' title='bbox 1686 4994 1748 5039; x_wconf 75' lang='lat' dir='ltr'><strong>telem</strong></span> <span class='ocrx_word' id='word_1_824' title='bbox 1760 4994 1784 5038; x_wconf 89' lang='lat' dir='ltr'><strong>ln</strong></span> 
     </span>
     <span class='ocr_line' id='line_1_106' title="bbox 1011 5056 1783 5151; baseline -0.062 -9"><span class='ocrx_word' id='word_1_825' title='bbox 1011 5092 1104 5151; x_wconf 77' lang='lat' dir='ltr'><strong>Physic.</strong></span> <span class='ocrx_word' id='word_1_826' title='bbox 1113 5091 1144 5146; x_wconf 91' lang='lat' dir='ltr'><strong>ll,</strong></span> <span class='ocrx_word' id='word_1_827' title='bbox 1153 5094 1174 5143; x_wconf 82' lang='lat' dir='ltr'><strong>t.</strong></span> <span class='ocrx_word' id='word_1_828' title='bbox 1185 5084 1226 5131; x_wconf 90' lang='lat' dir='ltr'><strong>lot.</strong></span> <span class='ocrx_word' id='word_1_829' title='bbox 1233 5086 1261 5126; x_wconf 84' lang='lat' dir='ltr'><strong>tt</strong></span> <span class='ocrx_word' id='word_1_830' title='bbox 1268 5086 1346 5129; x_wconf 80' lang='lat' dir='ltr'><strong>serso,</strong></span> <span class='ocrx_word' id='word_1_831' title='bbox 1355 5076 1373 5119; x_wconf 92' lang='grc' dir='ltr'><strong>ι.</strong></span> <span class='ocrx_word' id='word_1_832' title='bbox 1381 5072 1399 5125; x_wconf 91' lang='lat' dir='ltr'><strong>l,</strong></span> <span class='ocrx_word' id='word_1_833' title='bbox 1407 5082 1430 5125; x_wconf 85' lang='lat' dir='ltr'><strong>p.</strong></span> <span class='ocrx_word' id='word_1_834' title='bbox 1438 5073 1484 5120; x_wconf 81' lang='lat' dir='ltr'><strong>tet,</strong></span> <span class='ocrx_word' id='word_1_835' title='bbox 1493 5058 1623 5117; x_wconf 70' lang='lat' dir='ltr'><strong>nstmptte.</strong></span> <span class='ocrx_word' id='word_1_836' title='bbox 1631 5056 1692 5113; x_wconf 72' lang='lat' dir='ltr'><strong>llus.</strong></span> <span class='ocrx_word' id='word_1_837' title='bbox 1700 5060 1748 5109; x_wconf 82' lang='lat' dir='ltr'><strong>sss,</strong></span> <span class='ocrx_word' id='word_1_838' title='bbox 1757 5058 1783 5107; x_wconf 79' lang='lat' dir='ltr'><strong>n,</strong></span> 
     </span>
     <span class='ocr_line' id='line_1_107' title="bbox 1014 5118 1787 5211; baseline -0.054 -7"><span class='ocrx_word' id='word_1_839' title='bbox 1014 5162 1046 5211; x_wconf 84' lang='lat' dir='ltr'><strong>n,</strong></span> <span class='ocrx_word' id='word_1_840' title='bbox 1056 5156 1138 5202; x_wconf 77' lang='lat' dir='ltr'><strong>loson.</strong></span> <span class='ocrx_word' id='word_1_841' title='bbox 1147 5148 1272 5203; x_wconf 81' lang='lat' dir='ltr'><strong>Philopon.</strong></span> <span class='ocrx_word' id='word_1_842' title='bbox 1281 5140 1313 5185; x_wconf 84' lang='lat' dir='ltr'><strong>lb.</strong></span> <span class='ocrx_word' id='word_1_843' title='bbox 1322 5150 1345 5195; x_wconf 81' lang='lat' dir='ltr'><strong>p.</strong></span> <span class='ocrx_word' id='word_1_844' title='bbox 1358 5140 1406 5187; x_wconf 80' lang='lat' dir='ltr'><strong>tlt,</strong></span> <span class='ocrx_word' id='word_1_845' title='bbox 1416 5133 1442 5185; x_wconf 85' lang='lat' dir='ltr'><strong>n,</strong></span> <span class='ocrx_word' id='word_1_846' title='bbox 1452 5135 1477 5174; x_wconf 84' lang='lat' dir='ltr'><strong>tt</strong></span> <span class='ocrx_word' id='word_1_847' title='bbox 1485 5129 1510 5171; x_wconf 90' lang='lat' dir='ltr'><strong>et</strong></span> <span class='ocrx_word' id='word_1_848' title='bbox 1522 5119 1684 5179; x_wconf 76' lang='lat' dir='ltr'><strong>quadrimus</strong></span> <span class='ocrx_word' id='word_1_849' title='bbox 1693 5118 1717 5163; x_wconf 86' lang='lat' dir='ltr'><strong>lu</strong></span> <span class='ocrx_word' id='word_1_850' title='bbox 1726 5118 1787 5163; x_wconf 85' lang='lat' dir='ltr'><strong>libro</strong></span> 
     </span>
     <span class='ocr_line' id='line_1_108' title="bbox 1016 5188 1678 5265; baseline -0.063 1"><span class='ocrx_word' id='word_1_851' title='bbox 1016 5220 1059 5265; x_wconf 86' lang='lat' dir='ltr'><strong>Dic</strong></span> <span class='ocrx_word' id='word_1_852' title='bbox 1067 5217 1200 5263; x_wconf 71' lang='lat' dir='ltr'><strong>vertunum</strong></span> <span class='ocrx_word' id='word_1_853' title='bbox 1207 5204 1326 5257; x_wconf 72' lang='lat' dir='ltr'><strong>Schriften</strong></span> <span class='ocrx_word' id='word_1_854' title='bbox 1337 5198 1376 5243; x_wconf 85' lang='lat' dir='ltr'><strong>des</strong></span> <span class='ocrx_word' id='word_1_855' title='bbox 1386 5188 1532 5243; x_wconf 80' lang='lat' dir='ltr'><strong>Aristoteles,</strong></span> <span class='ocrx_word' id='word_1_856' title='bbox 1544 5196 1568 5241; x_wconf 81' lang='lat' dir='ltr'><strong>p.</strong></span> <span class='ocrx_word' id='word_1_857' title='bbox 1581 5190 1616 5231; x_wconf 73' lang='grc' dir='ltr'><strong>ιιι</strong></span> <span class='ocrx_word' id='word_1_858' title='bbox 1627 5190 1678 5238; x_wconf 75' lang='lat' dir='ltr'><strong>squ.</strong></span> 
     </span>
    </p>
   </div>
   <div class='ocr_carea' id='block_1_12' title="bbox 0 0 2065 5984">
    <p class='ocr_par' dir='ltr' id='par_1_12' title="bbox 0 0 2065 5984">
     <span class='ocr_line' id='line_1_109' title="bbox 0 0 2065 5984; baseline 0 0"><span class='ocrx_word' id='word_1_859' title='bbox 0 0 2065 5984; x_wconf 95' lang='lat' dir='ltr'><strong> </strong></span> 
     </span>
    </p>
   </div>
  </div>
 </body>
</html>
