4017 5984
252 391 288 450 tt
796 381 1041 442 ARISTOTELIS
1062 381 1311 443 FRAGMENTA.

249 523 323 578 illuri
341 521 501 576 Alcibiadis
523 517 670 592 superficie
682 514 902 590 pulslrerrinrum
921 533 1022 588 corpus

250 615 434 684 turpissimum
443 607 605 663 videretur?

290 695 357 754 lianc
368 695 421 752 vix
433 693 469 751 nd
481 712 514 750 ea
521 703 658 770 spectant,
668 709 733 767 quae
745 687 822 767 apud
836 688 1019 748 Aristoteiem

250 783 286 840 de
299 782 406 841 Gener.
423 795 452 840 et
475 779 612 858 Corrupt.
627 780 658 851 l,
677 798 702 836 s.
716 777 802 852 ro‚§
822 797 850 848 7,
872 776 1020 852 leguntur,

251 868 300 927 ubi
316 882 347 926 ut
357 869 538 946 quorundam
549 866 710 924 doctrinam
721 865 758 924 de
774 865 915 923 mixtione
924 857 1022 941 imp'u·

251 970 351 1034 gnaret
362 977 397 1014 so
415 958 507 1015 utitur
525 966 714 1030 argumento:
730 956 780 1033 'ligi
797 955 895 1030 Λυγκεῖ
910 951 934 1010 δ’
949 949 1023 1009 οὐθὲν

251 1043 424 1122 μεμιγμένον,
435 1044 486 1104 sed
498 1044 596 1123 potius
610 1041 646 1099 ad
658 1041 817 1118 dialogum,
830 1060 848 1098 e
862 1038 970 1118 quibus
981 1039 1025 1095 io·

251 1153 315 1191 eum
336 1153 353 1191 a
368 1133 488 1192 Boethio
507 1133 624 1190 allatum
649 1150 739 1207 supra
754 1129 814 1206 jam
827 1127 967 1188 vidimus.
984 1125 1024 1184 Ut

252 1240 323 1279 vero
338 1221 373 1279 ad
388 1221 536 1280 Eroticum
547 1219 684 1278 referrem
699 1217 840 1276 adductus
854 1236 917 1276 sum
930 1215 1023 1276 simii-

251 1309 322 1366 iimo
334 1310 400 1368 ioco
416 1310 517 1386 inquo
531 1305 679 1364 Arnobius
693 1306 729 1363 de
739 1305 858 1364 deorum
873 1302 1024 1364 amoribus

251 1416 339 1472 agens
359 1399 399 1455 ita
414 1397 500 1468 dixit,
514 1395 654 1453 adversus
666 1393 773 1452 Gentes
787 1392 832 1459 rt,
847 1393 883 1450 nt
899 1412 906 1448 :
922 1393 1028 1462 Cures,

252 1491 368 1552 viscera,
398 1491 502 1561 pituita
527 1498 611 1558 atque
625 1489 715 1538 omnis
735 1485 787 1537 illa
801 1484 938 1556 proluvies
959 1486 1028 1535 inte·

151 1601 157 1610 =
252 1579 385 1629 stinorum
416 1575 466 1628 sulr
492 1574 637 1628 involucris
663 1575 826 1640 constituta,
855 1587 940 1642 quant
970 1586 1027 1622 non

252 1663 333 1717 morlo
348 1663 473 1728 Lynceus
494 1662 543 1715 ille
555 1660 725 1733 penetrabili
744 1663 807 1713 acie
819 1662 910 1730 possit
925 1653 1024 1710 lrorre·

251 1767 335 1816 scere,
346 1753 535 1804 verumetiam
546 1752 634 1820 quinis
646 1747 786 1800 altersoln
795 1745 846 1800 vel
856 1747 1027 1818 cogitatione

253 1840 352 1894 viror-e.

490 1991 538 2050 ΙΧ.
561 1989 794 2051 ΣΥΜΠΟΣΙΟΝ.

297 2153 390 2212 't'iruti
416 2151 566 2229 Συμπόσιον
593 2151 618 2210 α’
646 2149 722 2228 apud
745 2151 904 2225 Diogenem
929 2147 1023 2208 Laert.

256 2239 313 2316 (ro)
327 2242 447 2311 mentio,
471 2239 548 2317 apud
571 2241 752 2313 Anonymum
767 2237 873 2295 omissa
899 2247 956 2304 est,
974 2255 1027 2294 nec

254 2318 309 2386 iuis
325 2329 388 2387 sine
409 2327 501 2386 dubio
516 2325 674 2385 trahendus
691 2337 734 2384 est
760 2323 811 2401 qui
832 2323 864 2381 in
888 2323 950 2382 sota
972 2343 1027 2400 αρ-

255 2416 376 2494 pendice
402 2414 438 2472 ad
454 2414 601 2493 Anonymi
617 2412 743 2472 indicem
759 2411 866 2487 iegitur
879 2410 950 2490 (nr),
966 2409 1027 2487 περὶ

255 2503 401 2563 Συσσιτίων
426 2500 444 2572 ἢ
476 2500 648 2577 Συμποσίων.
677 2499 826 2578 Symposii
861 2499 1029 2557 Aristotelis

254 2611 319 2648 cum
344 2591 409 2649 aliis
424 2590 557 2648 meminit
578 2586 752 2647 Plutarchus
766 2587 874 2655 Quaest.
898 2585 1025 2644 (Itrnviv.

255 2680 282 2749 i,
296 2699 342 2758 pr.
360 2680 375 2736 3
394 2699 401 2736 τ
418 2677 498 2737 'stit
509 2677 555 2735 uui
574 2679 626 2734 τῶν
642 2674 789 2755 φιλοσόφων
803 2673 863 2742 τούς
884 2675 1029 2752 ἐλλογιμω-

253 2767 346 2832 τοίτους
364 2769 620 2846 ἀντιμαρτυροῦντας
638 2764 706 2842 ἔχειν
720 2763 866 2839 Πλάτωνα,
887 2761 932 2820 καί
947 2764 1030 2822 Ξτνο·

254 2859 355 2932 ρῶντα,
374 2857 418 2914 καί
434 2852 679 2934 Ἀριστοτέλην,
694 2852 739 2909 καί
752 2850 937 2924 Σπεύσιππον,
950 2849 1030 2912 Ἐπί-

254 2944 345 3022 κουρόν
366 2967 394 3002 τε
412 2942 457 3002 καί
473 2942 625 3021 Πρύτανιν,
640 2939 685 2999 καί
709 2936 863 3017 Ἱερώνυμον
877 2937 922 2998 καί
941 2935 1029 2998 Δίωνα

256 3036 336 3106 (sort.
351 3031 448 3110 Βίωνα)
459 3031 503 3090 τδν
512 3029 538 3098 ἐξ
550 3027 724 3104 Ἀκαδημίας,
737 3030 773 3093 tn
785 3027 855 3094 ἄξιόν
865 3049 933 3094 τινος
948 3048 1030 3086 σπου-

254 3122 299 3192 δῆς
317 3120 509 3197 πεποιημένους
529 3117 603 3194 ἔργον
628 3114 830 3194 ἀναγράψασθαι
846 3113 936 3190 λόγους
955 3113 1029 3192 παρὰ

255 3207 333 3267 πότον
346 3208 515 3284 γινομένους,
536 3223 621 3281 quern
643 3202 739 3260 locum
754 3202 932 3278 expressisse
944 3201 1027 3258 vide·

255 3309 318 3365 rur,
333 3307 364 3353 ut
383 3311 471 3369 saepe,
487 3289 668 3360 Macrobius,
684 3292 798 3346 Saturn.
815 3286 886 3358 Vll,
909 3289 946 3362 3,
963 3289 1000 3346 αθ
1020 3309 1027 3343 :

256 3387 347 3458 Quum
372 3385 489 3454 iridens,
508 3387 637 3456 inquam,
654 3398 759 3454 anceps
775 3398 833 3434 esse
847 3397 927 3433 nnrne
939 3397 1030 3434 scom-

254 3487 357 3529 rrratrrnr
373 3491 477 3545 genus,
492 3471 596 3526 suarieo
615 3473 643 3523 in
665 3472 791 3523 conviviis
807 3471 836 3521 in
857 3466 957 3540 quibus
970 3469 1028 3521 lte-

255 3567 326 3616 titia·
339 3562 487 3615 insidiatur
503 3564 564 3632 ira,
579 3558 616 3612 alr
632 3557 716 3628 liujus
726 3556 801 3612 modi
811 3552 1029 3626 dictisfacessos

254 3661 283 3705 et
300 3654 392 3722 rnngis
406 3653 572 3722 quoestiorres
588 3646 742 3702 conrivales
753 3645 806 3698 uel
821 3663 964 3718 prnponos
982 3645 1032 3698 vel

254 3742 312 3810 ipse
332 3737 474 3792 dissolvas.
494 3735 578 3807 Quod
592 3745 807 3806 genus-veteres
829 3737 870 3786 ita
893 3733 1029 3786 ludicrum

254 3843 309 3880 non
321 3837 467 3899 putnrunt,
492 3837 522 3878 ut
540 3836 569 3878 et
581 3819 786 3878 Aristoteles
798 3822 834 3875 rie
852 3825 921 3894 ipxsis
933 3822 1030 3894 aliqua

255 3918 450 3988 conscripserit
471 3923 499 3968 et
523 3910 692 3968 Plutarchus
716 3923 746 3964 et
762 3920 854 3964 vester
876 3910 1028 3982 Apulejus,

256 4019 306 4054 nee
325 4000 552 4056 contemnendum
573 4003 610 4051 sit
621 3998 696 4072 quod
716 4007 757 4052 tot
769 3993 1030 4070 pliilosoplrnntiuru

256 4105 351 4141 curum
372 4091 484 4154 meruit,
499 4086 552 4142 etsi
573 4083 693 4146 minime
716 4100 821 4157 negare
838 4082 943 4154 veiim,
965 4103 1030 4160 quae

255 4174 291 4232 de
313 4173 465 4232 Aristotele
486 4171 645 4231 dictasunt
669 4169 865 4242 altinensium,
880 4191 912 4229 ea
932 4173 1031 4251 potius

256 4260 306 4317 aiii
330 4258 444 4318 cuidam
462 4259 631 4338 philosophi
646 4260 739 4331 libro,
763 4258 849 4335 Νόμοι
871 4261 1030 4334 συμποτικοὶ

256 4349 300 4405 rei
317 4347 471 4412 Συσσιτιιιδς
495 4349 653 4424 inscripto,
677 4347 713 4405 de
729 4368 788 4424 quo
810 4361 907 4425 postea
925 4347 1027 4407 viden·

554 4513 739 4562 CONi'lViUbi.

633 4633 654 4677 i.

290 4739 385 4804 sappiro
398 4740 480 4790 monet
494 4739 603 4790 commui
620 4751 687 4789 saera
701 4738 829 4800 iacientes,
842 4739 898 4802 quia
910 4737 1034 4801 puicirrius

1079 514 1147 571 dum
1167 515 1235 583 erit,
1255 518 1423 577 convenire.
1439 516 1512 584 Quae
1535 515 1641 576 Rosius
1659 532 1799 596 preterea
1815 522 1851 580 ad

1079 599 1245 660 Aristotelis
1255 600 1442 680 symposium
1451 591 1570 662 'referre
1583 618 1703 664 conatus
1722 620 1766 664 est
1779 607 1850 666 Piu-

1079 687 1171 745 tarchi
1183 687 1289 760 verba,
1300 689 1364 747 Non
1377 709 1462 768 posse
1473 692 1602 750 suaviter
1617 692 1680 751 vivi
1692 713 1750 752 see.
1766 694 1848 773 Epic.

1078 796 1105 834 c.
1123 776 1156 833 13
1172 776 1216 834 τΤ
1217 776 1227 833 ί
1239 775 1332 852 λίγεις,
1342 765 1365 834 rb
1376 775 1532 857 Ἐπίκουρος
1546 781 1700 860 κιθαρῳδῶν
1713 781 1759 840 καί
1770 783 1852 855 αὐλη·

1078 866 1131 921 τῶν
1149 862 1228 920 ἕωθεν
1237 861 1427 942 ἀκροασόμενος
1437 867 1473 931 τίς
1487 865 1517 924 τὸ
1527 864 1637 944 θέατρον
1649 866 1772 945 βαδίζεις,
1782 870 1810 928 lu
1825 868 1853 928 δὲ

1078 950 1218 1030 συμποσίῳ
1230 951 1403 1030 Θιορρόστου
1418 953 1479 1033 περί
1494 956 1651 1032 συμφωνιῶν
1668 955 1853 1035 διαλεγομίνου

1079 1038 1125 1095 καί
1146 1036 1320 1116 Ἀριστοξένου
1338 1039 1400 1118 περὶ
1421 1038 1576 1117 μεταόολῶν
1598 1042 1644 1100 καὶ
1658 1040 1768 1121 ’ipsse
1779 1044 1853 1104 στί-

1078 1125 1157 1190 λους
1176 1126 1234 1201 (ita
1257 1127 1363 1202 corrig.
1383 1147 1439 1205 pro
1458 1126 1673 1208 Ἆριστορόνους)
1689 1119 1750 1210 stipi
1763 1129 1852 1208 Ὁμή·

1079 1235 1141 1291 pou,
1157 1213 1191 1270 sb
1204 1202 1260 1272 ὐτα
1281 1213 1424 1294 καταλήψῃ
1439 1223 1496 1283 ταῖς
1517 1215 1594 1295 χερσί
1613 1218 1791 1297 δυσχεραίνων
1809 1219 1854 1280 καί

1079 1300 1294 1378 βδελυττόμενος,
1325 1291 1373 1360 εἶτ’
1393 1304 1441 1360 οὐκ
1468 1303 1657 1383 ἐμμελέστερον
1682 1304 1855 1386 όποραίνουσι

1078 1387 1122 1446 τὸν
1143 1387 1247 1460 Σκύθην
1268 1387 1376 1465 Ἀτέαν,
1396 1388 1424 1456 δς
1446 1387 1581 1467 Ἰσμηνίου
1603 1398 1648 1451 τοῦ
1670 1393 1784 1464 αὐλητοῦ
1806 1393 1854 1464 λη·
1936 1405 1941 1412 ’

1079 1474 1184 1555 ρθίντος
1191 1478 1363 1556 αἰχμαλώτου
1374 1479 1501 1558 καίπαρδ
1510 1481 1589 1538 πότον
1603 1479 1772 1549 αὐλήσαντος,
1783 1477 1854 1556 όνμο·

1080 1584 1123 1621 σαν
1144 1561 1216 1634 ἥδιον
1231 1563 1335 1624 όκούσιν
1355 1572 1401 1626 τοῦ
1425 1566 1509 1628 ίππυυ
1523 1568 1731 1648 χρεμετίζοντος
1746 1587 1799 1641 ea,
1823 1581 1855 1626 ut

1080 1671 1146 1729 quae
1162 1671 1252 1732 supra
1269 1675 1295 1716 c.
1321 1655 1507 1731 releguntur
1533 1678 1540 1714 ι
1570 1656 1678 1734 γρόριιν
1693 1655 1753 1736 περὶ
1765 1655 1854 1731 Ὀμή-

1082 1763 1126 1818 ρου
1151 1741 1196 1800 καί
1219 1743 1279 1822 περὶ
1296 1744 1452 1822 Εὐριπίδου,
1473 1748 1508 1812 ὡς
1531 1743 1779 1824 Ἄριστοτίλης,
1809 1745 1854 1804 καί

1082 1827 1277 1908 Ἡρακλείδης,
1293 1831 1340 1889 καὶ
1363 1832 1540 1912 Δικαίαρχος,
1562 1833 1670 1892 rectius
1684 1832 1805 1892 fortasse
1818 1833 1854 1890 ad

1082 1915 1263 1986 Quaestiones
1280 1918 1449 1978 Homericos
1463 1921 1609 1998 pertinere
1632 1917 1854 1990 arbitrabimur,

1082 2004 1150 2062 iicet
1174 2005 1330 2065 Homerum
1356 2008 1388 2065 in
1410 2008 1557 2068 convivio
1585 2028 1645 2067 non
1668 2007 1759 2083 tnagis
1783 2026 1856 2084 μια-

1082 2095 1194 2153 terierit
1213 2095 1382 2154 Aristoteles
1396 2114 1482 2173 quam
1498 2095 1529 2153 id
1549 2096 1579 2153 in
1604 2093 1751 2154 Platonico
1769 2093 1857 2170 Sym·

1082 2184 1166 2260 posio
1180 2183 1285 2241 sactum
1299 2201 1361 2242 esse
1376 2184 1519 2244 videmus.

1406 2337 1432 2372 ¹·
1454 2316 1527 2392 (isi

1124 2445 1278 2504 Athenaeus
1298 2445 1359 2518 XV,
1385 2468 1417 2524 ρ.
1441 2446 1549 2520 67ὐιί““
1574 2445 1649 2513 ιὮς
1672 2445 1856 2524 εὐανθέστερον

1082 2531 1132 2613 γδρ
1148 2534 1193 2592 καί
1214 2534 1404 2614 κεχαρισμίνον
1428 2537 1528 2610 μᾶλλον
1546 2539 1602 2602 τοῖς
1621 2540 1687 2600 ὐτοῖς
1701 2535 1856 2613 παραγγελ·

1082 2625 1122 2682 λει
1150 2624 1182 2702 (ί,
1205 2619 1311 2702 Σαπρόν
1333 2624 1418 2701 scii.)
1441 2625 1632 2704 στεφανοῦσθαι
1653 2621 1712 2693 τούς
1740 2620 1857 2687 θύοντας.

1083 2709 1312 2790 Ἀριστοτέλης
1347 2712 1369 2770 δ’
1393 2714 1419 2770 lv
1435 2717 1474 2794 τῷ
1489 2712 1637 2794 Συμποσίῳ
1658 2710 1736 2792 ρησὶν
1752 2710 1792 2770 ότι
1813 2713 1858 2769 οὐ·

1084 2798 1125 2855 δίν
1148 2797 1257 2857 κολοόδν
1271 2799 1452 2879 προσρίρομτν
1466 2802 1530 2879 πρδς
1551 2799 1610 2868 τούς
1625 2799 1706 2870 θεοὺς,
1721 2798 1791 2859 δλλλ
1804 2799 1854 2858 τί·

1084 2887 1142 2945 λεια
1168 2888 1213 2944 καί
1237 2885 1296 2945 ito·
1327 2889 1358 2947 τὸ
1380 2889 1407 2947 δὲ
1430 2890 1527 2968 πλῆρες
1552 2887 1650 2949 τόλαιόν
1674 2889 1747 2967 ἐστι,
1776 2886 1806 2946 τδ
1830 2886 1857 2945 et

1086 2972 1189 3054 στόρειν
1212 2974 1348 3056 πλήρωσίν
1363 2999 1422 3035 τινα
1436 2977 1568 3053 σημαίνει.
1580 2973 1714 3054 Ὅμηρος,

1147 3121 1233 3181 Kotinai
1248 3118 1273 3168 δὲ
1286 3125 1401 3182 κρητῆρας
1414 3119 1570 3182 ἐπεστέψαντο
1583 3123 1666 3249 παγοιῖρ
1773 3186 1783 3248 )

1299 3193 1302 3198 ’
1661 3223 1667 3236 .
1686 3203 1710 3244 α,
1727 3189 1773 3236 tto

1084 3310 1130 3369 καλ

1148 3443 1216 3491 Ἀλλὰ
1228 3442 1378 3505 inienuitatis
1391 3442 1458 3490 θατσι
1468 3444 1545 3501 στέατι
1559 3439 1616 3504 (Οὐ.
1630 3444 1652 3500 θ,
1664 3441 1727 3504 170)·

1084 3557 1144 3627 τούς
1164 3558 1216 3638 γλρ
1232 3549 1266 3616 αὐ
1284 3558 1332 3630 τὴν
1352 3561 1411 3640 δψιν
1436 3559 1582 3638 αἰμόρρους,
1597 3557 1691 3640 ρησίν,
1711 3561 1859 3639 ἀναπληροῖ

1085 3649 1160 3717 ἢτοῦ
1175 3646 1259 3726 λίγιιν
1276 3645 1428 3719 πιθανότης.
1441 3645 1547 3705 Ἔοικεν
1562 3637 1606 3706 οὐν
1618 3650 1632 3705 δ
1647 3645 1770 3728 στίρανος
1781 3652 1859 3707 τοῦτο

1083 3738 1165 3794 ποιεῖν
1184 3732 1331 3813 βούλασθαι.
1350 3734 1398 3794 Διὸ
1418 3733 1464 3794 καί
1483 3737 1543 3813 περὶ
1562 3734 1596 3794 ab
1614 3733 1697 3810 πίνθη
1710 3736 1857 3796 τούναντίον

1084 3820 1329 3899 παρασκευάζομεν·
1343 3822 1488 3903 ὁμοπαθείᾳ
1503 3822 1554 3903 γὰρ
1570 3829 1615 3882 τοῦ
1634 3824 1793 3902 κεκμηκότος
1807 3847 1855 3882 κο-

1083 3908 1212 3986 λοόοῦμεν
1234 3914 1305 3984 ἡμᾶς
1325 3910 1417 3975 αὐτοὺς
1436 3915 1469 3991 τῇ
1490 3934 1518 3969 τι
1532 3920 1615 3992 κουρᾷ
1630 3916 1681 3970 τῶν
1696 3915 1792 3992 τριχῶν
1812 3912 1858 3970 καί

1084 4002 1116 4077 τῇ
1130 3999 1182 4056 τῶν
1199 3998 1333 4078 στερόνων
1348 3998 1497 4078 δραιρίσαι.

1124 4085 1229 4149 Eadem
1242 4105 1278 4143 ex
1295 4085 1432 4144 Athenaeo
1445 4085 1574 4147 Eustatb.
1587 4087 1617 4143 in
1628 4084 1712 4143 liiad.
1724 4106 1754 4163 ρ.
1770 4085 1857 4158 ιιθθ,

1086 4181 1135 4246 47,
1151 4174 1302 4232 nonnuliis
1316 4188 1410 4232 tamen
1432 4175 1464 4232 in
1487 4175 1545 4232 fine
1558 4171 1667 4231 additis
1683 4193 1690 4228 τ
1714 4173 1796 4230 ίοικεν
1811 4164 1856 4232 οὐν

1085 4264 1098 4318 θ
1113 4259 1238 4339 στίρανος
1250 4265 1326 4322 τοῦτο
1349 4264 1486 4342 βοόλεσθαι
1498 4269 1591 4330 ποιεῖν,
1601 4260 1667 4320 καθδ
1679 4258 1725 4319 καί
1738 4257 1859 4341 Ὠκεανῷ

1085 4346 1155 4426 χθὼν
1171 4347 1265 4408 ἅπασα
1286 4348 1362 4421 δίκην
1385 4349 1465 4420 νήσου
1490 4348 1678 4428 ίστεριίνωται.
1699 4346 1748 4408 dd
1771 4349 1797 4406 lu
1820 4353 1859 4427 τῷ

1133 4467 1340 4474 ——......-..-.
1375 4469 1380 4472 .
1405 4467 1490 4473 ..ψ-
1517 4466 1704 4474 -----..-..

1086 4516 1111 4562 et

1138 4627 1183 4673 Sed
1193 4627 1251 4673 deus
1259 4627 1359 4674 tormen
1369 4626 1446 4672 verbu
1455 4627 1558 4672 eumont.

1060 4784 1063 4827 ι
1086 4774 1145 4820 Nam
1165 4771 1278 4833 αθεροσίυ
1300 4769 1461 4831 deformibus,
1477 4769 1524 4830 sit,
1545 4769 1568 4818 id
1588 4768 1653 4832 quod
1676 4769 1745 4820 deest
1765 4769 1861 4832 συρμΙιιῑ

259 4829 303 4878 ime
313 4830 335 4878 ei
349 4827 424 4891 magis
434 4829 527 4891 gutum
537 4827 591 4875 diis.
601 4827 804 4877 nnstoteiesrero
814 4825 839 4876 in
852 4826 1033 4877 cundrioseri·
1059 4836 1062 4937 γ
1085 4857 1199 4908 omioni,
1211 4856 1328 4908 smmi..
1344 4856 1444 4906 Videtur
1454 4856 1526 4918 ,auur
1543 4869 1631 4906 mmm
1649 4855 1746 4918 mnu,
1764 4855 1811 4906 ,m
1822 4857 1859 4906 s·-

258 4913 308 4964 bit:
324 4915 373 4964 [tiis
383 4912 443 4964 nibil
457 4927 567 4964 manurm
578 4913 714 4972 oderimus,
730 4913 773 4963 sed
782 4911 886 4976 perfetta
896 4915 923 4963 et
932 4913 1031 4975 integra.

257 5089 381 5148 sienitimt.
396 5092 515 5140 flomems
529 5108 536 5140 ι

312 5204 378 5250 Pueri
388 5207 477 5261 narem
487 5204 657 5252 noronsresutri
669 5203 736 5259 riuo;

257 5005 379 5053 eorumne
399 5015 457 5053 vero
475 5001 658 5065 completionem
679 4999 801 5064 quandam
820 5002 845 5051 et
862 4999 1031 5063 perlectionem
1058 4940 1062 5045 ί
1085 4958 1147 4999 cm'
1159 4947 1240 5003 Qum
1258 4945 1282 4994 in
1298 4944 1362 4993 ,πω
1375 4943 1521 4994 “mmm
1542 4943 1698 4995 mmmm·
1711 4948 1772 4996 Nm
1784 4945 1859 4995 'emi

1083 5033 1253 5098 compatientes
1263 5046 1319 5081 eum
1335 5029 1463 5091 deluoeto,
1478 5031 1616 5084 mutiiamus
1634 5045 1680 5082 nos
1698 5031 1765 5096 ipsos
1789 5035 1860 5084 tonso

1057 5100 1064 5217 i
1083 5122 1168 5184 capitio
1182 5125 1206 5172 et
1216 5121 1322 5171 retracta
1332 5133 1428 5170 ουνοοα.
