4017 5984
722 458 967 531 QUAESTIONES
989 458 1207 521 uouentem.
1727 467 1788 527 ’129

181 610 351 669 numquam
365 604 472 650 vocant
483 591 685 667 (μιαειιίοπειιι,
701 592 958 668 quamverbotan·
983 637 990 663 ,
1015 605 1090 650 tasse
1113 613 1170 651 non
1184 593 1305 651 omuino
1323 592 1378 651 lide
1394 592 1491 668 digna.
1505 590 1547 652 lta
1569 595 1645 655 euim
1669 598 1700 655 in
1723 596 1788 657 Vita

182 694 241 739 tum
249 678 786 757 modoattigitAristotelesinPoetica,
799 680 960 738 accuratius
1014 678 1159 739 Marciana
1177 680 1283 757 legitur
1297 701 1326 759 p.
1356 702 1373 738 a
1391 680 1490 739 llohbe
1507 704 1514 739 ι
1529 680 1602 750 Ἕως
1618 682 1666 759 μὲν
1688 676 1731 744 οὐν
1747 684 1787 745 ἔτι

181 772 245 829 sine
266 771 358 829 dnbio
373 782 522 828 tractatam
543 770 633 827 luisse
649 769 680 827 in
706 768 856 846 deperdita
869 769 958 846 hujus
1015 767 1070 834 νέος
1083 758 1123 841 ήν,
1140 767 1186 839 τήν
1207 772 1258 826 τῶν
1275 768 1414 847 ίλευθίρων
1431 770 1581 830 ἐπαιδεύετο
1598 771 1729 849 παιδείαν,
1753 776 1789 839 ὡς

182 858 252 917 libri
273 872 366 937 parte.
380 859 467 929 Quod
490 872 586 915 tamen
601 868 634 913 ut
647 875 749 914 verum
762 856 801 916 sit
818 856 901 914 valde
911 876 958 914 ve·
1015 856 1088 928 δηλοῖ
1107 858 1140 914 ct
1155 856 1325 939 γεγραμμένα
1342 859 1413 937 αὐτῷ
1426 856 1560 938 Ὁμηρικθ
1576 860 1733 935 Ζητήματα,
1743 863 1788 919 καὶ

183 966 261 1005 reor.
275 945 380 1005 Verbis
394 947 472 1005 enim
491 944 551 1024 περὶ
565 948 712 1015 ποιητικῆς,
733 964 792 1003 non
813 944 904 1004 libros
925 947 961 1004 de
1014 948 1092 1016 ήτῆς
1107 944 1215 1009 Ἰλιάδος
1227 946 1335 1019 ἔιδοσις,
1346 946 1379 1017 ἣν
1395 945 1491 1005 δέδωκε
1500 952 1537 1028 τῷ
1549 947 1725 1029 Ἀλεξάνδρῳ,
1740 952 1786 1007 καὶ

182 1038 306 1110 Poenos,
321 1037 372 1095 sed
396 1036 528 1114 ipsorum
547 1032 739 1091 Politicorum
756 1047 866 1112 partem
885 1034 960 1093 desi·
1015 1036 1029 1091 δ
1042 1034 1102 1113 περὶ
1115 1035 1236 1104 Ποιητῶν
1249 1034 1368 1113 διάλογος
1379 1036 1451 1110 κτλ,
1464 1054 1528 1113 quae
1539 1036 1638 1094 iisdem
1652 1036 1711 1095 fere
1724 1057 1790 1095 ver-

181 1126 264 1201 gnari
274 1138 357 1203 puto,
370 1124 470 1182 eodem
479 1122 565 1201 plane
576 1120 663 1180 modo
675 1134 718 1195 ιιι,
727 1124 851 1200 exempli
862 1141 959 1198 causa,
1013 1122 1104 1181 bisin
1118 1124 1206 1181 altera
1219 1144 1336 1201 quoque
1345 1122 1410 1182 Vita
1424 1138 1499 1193 sunt,
1520 1123 1571 1183 ubi
1587 1138 1680 1183 tamen
1694 1146 1723 1204 p.
1740 1146 1792 1197 ιο,

182 1211 229 1284 tv,
248 1216 278 1284 3,
293 1213 321 1272 br
334 1222 388 1277 τοῖς
400 1210 460 1291 περί
472 1209 520 1282 τήν
536 1208 749 1291 ἀριστοκρατίαν,
763 1211 826 1268 sire
840 1209 881 1269 ib.
901 1232 934 1267 ιε
951 1229 957 1272 :
1016 1230 1052 1266 aa
1065 1214 1227 1279 Westerm.,
1241 1232 1298 1269 nou
1309 1208 1444 1289 Ὁμηρικὰ
1453 1211 1592 1285 ζητήματα
1603 1215 1652 1273 sed
1666 1213 1787 1295 Ὁμήρου

182 1300 239 1370 Τήν
253 1303 276 1360 δ’
289 1298 376 1359 αίτίαν
388 1297 496 1378 ὕστερον
511 1298 539 1355 ἔν
550 1298 603 1363 τοῖς
618 1296 679 1376 περὶ
691 1297 737 1364 τάς
750 1295 897 1372 μεταδολδις
909 1299 961 1353 τῶν
1015 1297 1194 1377 προόλήματα
1210 1300 1405 1359 nominantur.
1427 1300 1534 1359 Horum
1554 1301 1697 1363 librorum
1714 1305 1790 1365 titu-

183 1391 321 1448 πολιτειῶν
336 1390 445 1467 ἀροῦμεν
460 1385 597 1458 dicendo,
610 1406 668 1443 uon
684 1384 844 1465 peculiares
857 1383 893 1441 de
915 1384 961 1441 his

183 1476 270 1535 rebus
293 1475 386 1544 libros
411 1475 463 1534 sed
492 1474 564 1532 alias
587 1473 779 1532 Politicorum
805 1485 901 1549 partes
928 1474 959 1529 in

182 1566 279 1622 ummo
292 1563 395 1622 habuit
409 1564 461 1640 (r).
479 1564 520 1620 hc
534 1582 603 1620 sane
616 1561 746 1620 dubitari
764 1559 865 1635 nequit
879 1559 960 1635 quin,

183 1666 213 1709 ut
226 1665 331 1731 praeter
340 1652 414 1709 alios
429 1653 539 1727 optime
552 1648 739 1707 observatum
748 1660 817 1705 esta
831 1666 861 1704 ν.
874 1648 909 1704 cl.
925 1646 958 1707 l».

183 1741 318 1820 Spengel,
333 1742 364 1798 in
374 1740 577 1801 dissertatione
587 1738 623 1795 de
637 1737 802 1796 Aristotelis
816 1735 959 1807 politicis,

155 1895 159 1903 ,
184 1831 347 1908 (Ahhnudi.
368 1833 420 1885 der
438 1832 473 1888 tt.
493 1831 578 1883 δαῖεν.
594 1828 764 1896 Adsederam,
781 1839 802 1884 t.
816 1823 856 1900 lt,
869 1845 898 1901 p.
918 1823 960 1903 9),

183 1920 221 1976 ob
240 1938 273 1977 ea
290 1916 450 1997 pracsertim
473 1934 537 1991 quae
552 1914 705 1972 aPlatoue
719 1913 798 1970 dicta
822 1927 900 1985 sunt,
927 1914 963 1971 de

183 2018 335 2084 poetarum
351 2006 381 2061 in
396 2002 547 2081 republica
557 2001 682 2061 utilitate
698 2003 819 2078 quaestio
833 2002 864 2057 in
875 2000 961 2058 l'oli-

184 2098 308 2154 ticorum
338 2090 425 2150 libris
455 2088 493 2148 ab
518 2089 673 2148 Aristotele
694 2088 808 2146 tractari
829 2086 962 2146 debuerit

184 2183 237 2262 (cl.
255 2198 371 2257 qunque
382 2178 536 2253 iserdum,
549 2177 720 2234 nectere-hes
732 2196 781 2233 sur
795 2180 834 2233 les
844 2179 963 2232 traduc-

184 2278 257 2328 tions
271 2270 428 2336 d'Aristote,
449 2287 479 2343 p.
498 2265 550 2323 181
567 2287 574 2321 :
588 2269 639 2321 les
651 2269 729 2321 liures
738 2268 775 2322 de
788 2268 818 2321 Ia
825 2268 964 2341 Politiqae

183 2364 306 2422 donneut
331 2358 420 2414 licuit
437 2376 492 2411 une
511 2374 657 2430 rcurarqne
676 2356 773 2409 :rinus
798 2358 827 2408 la
848 2358 964 2429 plupart

183 2453 231 2507 des
255 2453 421 2505 manuscrits
443 2466 480 2501 ort
504 2447 536 2501 lit
550 2457 621 2500 cette
633 2457 697 2499 note
704 2444 820 2518 finale:
841 2442 964 2520 lleliqua

184 2538 270 2611 hujus
286 2534 384 2613 operis
397 2534 428 2591 in
444 2533 547 2591 Graeco
567 2530 696 2589 nondum
713 2530 841 2601 inveni).
857 2528 966 2589 Conse·

185 2627 286 2701 quitur
297 2621 376 2691 inde,
392 2641 427 2679 ea
446 2640 511 2698 quae
524 2620 701 2695 bernaysius
717 2620 905 2696 (Grnadziige
916 2622 967 2675 der

187 2704 282 2769 verior.
291 2711 485 2782 Abitundlnng
494 2711 543 2764 des
552 2714 668 2766 Aristot.
680 2710 748 2763 tiber
761 2710 806 2763 W
804 2709 904 2783 irkang
914 2711 966 2764 cler

189 2801 341 2873 Tragisa,
357 2796 475 2855 Breslan
493 2795 580 2868 1857}
602 2794 638 2852 ad
662 2793 737 2851 banc
752 2794 916 2852 Aristotelis
930 2793 966 2851 de

189 2888 343 2947 affectuum
360 2885 532 2961 purgatione
546 2881 706 2939 doctrinam
721 2882 867 2959 pertinere
881 2880 962 2939 arbi·

188 2988 280 3035 tratas
293 2985 347 3043 est,
364 2969 541 3048 edeperdita
554 2970 653 3047 potius
665 2968 856 3027 politicorum
870 2982 963 3046 parte,

189 3083 275 3142 quam
298 3080 335 3119 ex
349 3060 463 3134 integro
478 3058 514 3116 de
524 3056 642 3116 Poetica
658 3055 737 3114 libro
750 3056 876 3125 fluxisse,
896 3057 965 3127 nisi,

188 3152 267 3231 quod
280 3151 421 3207 minorem
437 3144 807 3204 sortasseverisimilitatem
821 3144 918 3217 hahet,
930 3146 965 3203 ad

188 3234 335 3314 dialogum
352 3236 387 3294 de
401 3235 497 3293 Poetis
517 3231 670 3291 reserenda
694 3245 772 3291 sunt.

347 3406 589 3467 suorttttitrs
610 3404 798 3463 bittinum.

230 3570 272 3629 De
283 3570 444 3627 Homericis
453 3568 619 3627 Aristotelis
628 3568 734 3627 studiis
749 3569 795 3644 (ci.
805 3568 965 3626 R.Wachs·

192 3657 290 3727 moth,
319 3661 362 3712 Dc
391 3658 548 3711 Aristotelis
573 3660 668 3712 stadiis
696 3659 852 3712 Homericis
869 3664 966 3732 capita

189 3749 301 3801 selecta.
322 3742 418 3800 Berol.
438 3741 685 3818 masticamus
704 3762 789 3819 quem
802 3742 861 3820 jam
878 3763 968 3821 supra

190 3831 340 3892 attulimus
362 3831 467 3889 Dionis
487 3828 701 3905 Chrysostomi,
722 3833 751 3889 in
766 3831 905 3889 Oratione
931 3832 967 3890 de

186 3920 310 3980 llomeri
335 3917 472 3977 laudibus
487 3918 528 3976 ita
546 3917 669 3975 dicentis
685 3918 737 3979 Or.
761 3917 840 3990 Llll,
861 3940 891 3996 p.
908 3920 965 3990 634

192 4009 324 4088 Emper.:
343 4008 396 4065 Καὶ
404 4003 436 4076 δή
447 4005 492 4063 καὶ
502 4004 582 4067 αὐτὸς
596 4002 787 4080 Ἀριστοτέλης,
808 4004 852 4079 ἀφ’
861 3996 891 4063 οὐ
903 4008 967 4086 φασί

192 4098 240 4170 τὴν
261 4093 380 4174 κριτικήν
395 4116 424 4152 τε
443 4095 488 4152 καὶ
508 4092 695 4171 γραμματικήν
718 4090 803 4172 ἀρχὴν
824 4092 926 4165 λαόεῖν,
940 4095 967 4150 ἐν

192 4190 299 4252 πολλοῖς
312 4182 440 4261 διαλόγοις
454 4180 515 4263 περὶ
529 4188 574 4240 τοῦ
586 4186 694 4252 ποιητοῦ
709 4180 812 4249 διέξεισι
827 4182 967 4259 θαυμάζων

194 4272 271 4332 αὐτόν
283 4276 319 4339 ῶς
333 4271 364 4329 τὸ
376 4270 444 4330 πολύ
458 4271 504 4330 καλ
523 4274 623 4345 τιμῶν·
638 4268 677 4328 ἔτι
694 4292 723 4329 τε
737 4270 782 4329 καὶ
796 4268 969 4349 ἸΙρακλείδης

194 4359 362 4435 δΠοντικδς,
384 4358 483 4417 τούτων
497 4357 525 4418 δδ
548 4358 672 4437 πρότερος
696 4357 812 4418 Πλάτων
831 4364 968 4437 πανταχοῦ

196 4449 337 4526 μέμνηται,
352 4448 495 4525 quaelicet
507 4448 655 4525 praecipue
667 4446 750 4504 illum
771 4466 880 4505 morem
901 4446 967 4525 phi·

194 4536 308 4614 losophi
322 4547 461 4614 spectent,
475 4554 534 4611 quo
547 4553 612 4592 enm
623 4546 652 4591 et
668 4534 697 4591 iu
715 4533 919 4611 superstitibus
931 4534 968 4592 li-

196 4626 258 4683 bris
271 4642 356 4683 usum
370 4642 433 4682 esse
446 4635 573 4691 constat,
586 4634 619 4679 ut
632 4623 723 4678 verba
744 4622 855 4680 scilicet
875 4634 968 4699 poetae

196 4713 305 4792 ubique
322 4713 442 4781 aflerat,
455 4723 487 4769 nt
504 4730 538 4768 ea
549 4710 612 4768 sive
628 4709 752 4767 illustret
773 4709 836 4767 sive
855 4709 885 4765 in
900 4729 968 4768 suos

197 4822 266 4861 usus
282 4813 441 4871 convertat,
456 4814 550 4857 tamen
564 4808 592 4854 et
605 4817 703 4855 curam
719 4817 805 4875 quam
826 4809 854 4854 et
871 4798 901 4854 in
919 4817 968 4856 re-

198 4889 341 4948 censenda
355 4886 447 4946 lliade
466 4901 494 4946 et
509 4891 538 4944 in
552 4883 733 4961 explicandis
752 4884 969 4943 difficilioribus

198 4991 290 5056 poetae
301 4977 373 5035 locis
389 4977 520 5054 posuisse
531 4973 812 5049 dicitnrsignificare
822 4972 967 5032 videntur.

201 5066 315 5141 nequa
334 5064 510 5142 posteriores
521 5064 606 5142 plura
625 5074 817 5121 narraverunt
833 5062 887 5119 etsi
902 5062 968 5119 lor-

199 5217 310 5325 mtti⁴il²ts
319 5215 430 5270 exemptis
439 5216 513 5261 ειειιε
523 5216 629 5273 quadarn
639 5216 693 5262 eddi
705 5218 815 5272 possunt:
827 5214 856 5261 ci.
866 5216 884 5269 l,
895 5223 916 5267 t,
931 5219 967 5270 tt;

277 5369 421 5410 nisinun„
438 5366 495 5403 Vbi..
510 5368 542 5403 li.

1015 1387 1075 1444 lum
1092 1387 1132 1444 ita
1154 1388 1237 1445 aliert
1256 1387 1344 1447 iudex
1360 1388 1498 1465 Diogenis
1522 1386 1628 1449 Laertii
1652 1412 1660 1449 :
1680 1390 1790 1473 Ἀπορη·

1015 1474 1105 1549 μάτων
1117 1472 1271 1553 Ὁμηρικῶν
1288 1476 1313 1531 α’
1325 1473 1348 1553 β’
1361 1474 1386 1553 γ’
1396 1478 1418 1534 δ’
1433 1477 1453 1534 ε’
1469 1474 1492 1543 ζ’
1507 1490 1535 1535 et
1551 1477 1609 1536 levi
1624 1479 1791 1559 discrepan-

1016 1564 1236 1641 tiahuonymus
1252 1563 1442 1643 Ἀπορημάτων
1454 1563 1608 1643 Ὁμηρικῶν
1624 1564 1791 1647 ζ’.1πογ“υε-

1015 1650 1079 1707 dem
1091 1652 1252 1729 appendice
1262 1653 1366 1710 iterum
1378 1665 1561 1712 recensentur
1569 1668 1597 1712 et
1608 1669 1752 1733 praterea
1760 1661 1795 1717 ti·

1016 1739 1070 1796 tuli
1080 1741 1116 1796 de
1127 1740 1234 1814 quibus
1245 1742 1324 1803 nulla
1339 1742 1415 1820 apud
1425 1742 1514 1801 alium
1526 1745 1669 1820 quendam
1682 1750 1797 1807 mentio

1017 1832 1161 1907 reperitur
1177 1848 1184 1889 :
1201 1828 1370 1909 Ἀπορήματα
1382 1828 1504 1890 Ἡσιόδου
1522 1834 1549 1890 ἐν
1568 1832 1605 1905 α’,
1619 1832 1790 1915 Ἀπορήματα

1016 1914 1181 1995 Ἀρχιλόχου,
1191 1916 1344 1997 Εὐριπίδου,
1354 1916 1479 1997 Χοιρίλου
1489 1922 1515 1979 ἐν
1524 1919 1632 1997 βιόλίοις
1638 1922 1675 2000 γ’,
1682 1925 1790 2003 Ἀπορη·

1019 2002 1108 2079 μάτων
1124 2008 1266 2077 ποιητικῶν
1278 2006 1315 2080 α’,
1325 2006 1419 2073 Altius
1432 2007 1579 2080 ποιητικάς,
1589 2009 1792 2088 Προῦλημάτων

1018 2088 1170 2170 Ὁμηρικῶν
1181 2090 1209 2164 ι’,
1223 2113 1297 2169 quos
1309 2093 1424 2153 eosdem
1440 2092 1534 2153 libros
1551 2096 1684 2156 nominat
1704 2100 1794 2157 etiaui

1018 2179 1314 2239 llschemaluddinus:
1329 2184 1500 2253 Quoestioacs
1506 2184 1542 2238 de
1550 2185 1661 2240 Homeri
1669 2190 1792 2242 versibus·

1017 2272 1296 2325 iirnximereconditis
1310 2272 1374 2326 iibri
1387 2273 1427 2328 X.
1442 2269 1513 2328 Inde
1523 2268 1593 2327 duas
1608 2272 1797 2334 collectiones

1019 2356 1161 2415 exstitisse
1171 2356 1533 2435 conjicerelicet,quarum
1543 2360 1791 2435 antiquiorem,es

1019 2444 1215 2504 Alexandrino
1237 2446 1372 2523 quodam,
1388 2460 1420 2504 ut
1437 2446 1564 2517 videtur,
1591 2452 1792 2524 grammatico,

1019 2533 1137 2593 laudaut
1156 2534 1341 2611 Phrynichus
1357 2535 1515 2613 pushed.
1535 2534 1661 2597 Lobeck.
1684 2551 1713 2595 et
1732 2544 1790 2598 An·

1018 2623 1177 2681 tiatticistes
1192 2622 1223 2679 in
1237 2622 1358 2681 Bekkeri
1381 2623 1508 2681 Anecdd.
1525 2634 1544 2681 t.
1562 2620 1586 2679 l.
1603 2643 1633 2700 p.
1651 2624 1687 2692 δή
1703 2622 1792 2703 Ὁμή-

1020 2733 1064 2787 pcc
1085 2707 1245 2785 ἀπορήματα
1271 2710 1334 2767 sive
1350 2706 1484 2787 Ὁμηρικὰ
1504 2708 1675 2787 Ἀπορήματα
1696 2715 1796 2790 appel-

1019 2796 1121 2855 lantes.

1062 2884 1120 2942 Etsi
1144 2903 1215 2940 vero
1238 2882 1371 2942 neutrius
1394 2882 1499 2941 horum
1525 2880 1671 2941 librorum
1693 2886 1798 2945 titulus

1021 2970 1092 3029 alibi
1103 2970 1253 3041 afferatur,
1266 2970 1385 3027 minime
1395 2983 1489 3028 tamen
1495 2968 1598 3028 dubito
1606 2970 1677 3047 quin
1687 2989 1723 3027 ex
1733 2971 1798 3029 illis

1022 3059 1174 3136 desumpta
1185 3059 1254 3131 sint,
1274 3077 1339 3135 quae
1354 3057 1418 3115 solo
1432 3057 1596 3141 Aristotelis
1615 3057 1733 3115 nomine
1747 3078 1793 3136 ap

1021 3149 1117 3226 posito
1131 3150 1167 3205 de
1178 3146 1360 3224 quarundam
1371 3146 1592 3204 homericarum
1603 3148 1793 3223 questionum

1020 3235 1166 3294 solutione
1183 3234 1245 3291 sive
1260 3233 1337 3311 apud
1351 3232 1521 3293 Strabonem
1536 3232 1599 3291 sive
1611 3233 1687 3311 apud
1708 3235 1798 3293 Athe*

1022 3343 1114 3381 naeum
1127 3322 1263 3397 leguntur
1278 3320 1326 3399 (cl.
1351 3321 1426 3379 inira
1441 3322 1471 3379 in
1495 3321 1690 3397 fragmentis).
1710 3322 1799 3391 Quod
1818 3370 1824 3383 .

1022 3412 1113 3470 multo
1123 3411 1208 3469 etiam
1224 3410 1331 3468 certius
1340 3410 1377 3467 de
1385 3409 1539 3468 Plutarcho
1554 3410 1697 3467 affirmare
1712 3412 1792 3479 licet,

1023 3511 1133 3558 tantum
1145 3518 1202 3556 non
1214 3498 1308 3577 ipsum
1318 3495 1387 3556 libri
1400 3498 1513 3556 titulum
1526 3498 1694 3575 apponenti,
1703 3519 1794 3575 quum

1023 3587 1085 3645 Nou
1095 3606 1181 3665 posse
1192 3586 1319 3643 suaviter
1335 3585 1396 3644 viri
1405 3604 1461 3643 sec.
1477 3586 1596 3661 Epicur.
1609 3606 1633 3644 c.
1653 3607 1685 3642 ra
1700 3586 1793 3645 dicat:

1023 3674 1092 3733 Ἀλλ’
1112 3672 1163 3732 ἔδει
1173 3696 1203 3750 γε
1220 3663 1279 3739 τούς
1296 3670 1532 3737 ἀπολαυστικούς..,
1547 3661 1593 3729 εἶτ’
1604 3670 1675 3748 ἄγειν
1686 3673 1794 3753 ἀφροδί-

1021 3784 1065 3821 σια
1079 3765 1125 3820 τοῦ
1149 3759 1205 3839 Ιθίσυ
1231 3758 1276 3817 καὶ
1290 3758 1442 3837 μεθεόρτους
1457 3758 1539 3824 tati<
1562 3762 1587 3817 ἐν
1602 3758 1726 3837 ἱστορίαις
1746 3760 1796 3818 καὶ

1023 3849 1156 3929 ποιήμασι
1170 3846 1350 3927 διατρίθοντας
1371 3846 1388 3917 ἢ
1411 3844 1581 3926 προθλήμοισι
1597 3848 1729 3921 μουσικοῖς
1748 3849 1795 3914 καί

1024 3946 1224 4017 γεωμετρικοῖς·
1239 3938 1269 3995 οὐ
1284 3934 1334 4014 γάρ
1350 3935 1380 3993 διν
1397 3936 1507 4004 ἀπῆλθεν
1522 3936 1607 4001 αὐτοῖς
1620 3937 1655 4002 είς
1675 3940 1733 3995 νοῦν
1747 3940 1796 4013 βα-

1021 4028 1111 4086 λέσθαι
1132 4026 1178 4091 τάς
1191 4024 1289 4105 τυρλδις
1300 4026 1399 4089 ἐκείνας
1414 4023 1459 4081 καλ
1477 4022 1561 4091 νωδδις
1574 4024 1737 4104 ψηλαφήσεις
1748 4026 1796 4083 καλ

1021 4112 1198 4185 ἐπιτηδεύσεις
1220 4116 1265 4169 τοῦ
1289 4110 1434 4169 ἀκολάστου
1460 4112 1654 4188 μεμαθηκόσιν,
1677 4115 1699 4171 εἰ
1712 4112 1795 4185 μηδὲν

1021 4202 1097 4278 ἄλλο,
1114 4200 1220 4281 γράφειν
1241 4199 1300 4279 περὶ
1311 4198 1433 4279 Ὁμήρου
1443 4198 1488 4259 καὶ
1515 4199 1575 4279 περί
1591 4199 1731 4278 Εὐριπίδου
1756 4204 1792 4269 ὡς

1021 4285 1262 4367 Ἀριστοτέλης
1283 4290 1329 4345 καὶ
1354 4284 1527 4365 Ἡρακλείδης
1552 4286 1595 4345 καὶ
1620 4286 1789 4367 Δικαίαρχος.

1021 4376 1075 4434 Cui
1101 4375 1165 4432 loco
1193 4375 1265 4432 alter
1287 4373 1397 4432 accedit
1422 4376 1507 4451 paulo
1531 4374 1606 4432 inira
1629 4376 1660 4433 in
1691 4374 1792 4433 eodem

1022 4462 1099 4522 libro
1114 4462 1190 4541 apud
1217 4459 1402 4521 Plutarchum
1428 4463 1542 4539 positus
1556 4484 1582 4523 e.
1608 4465 1641 4521 13
1663 4463 1723 4523 :Ti
1747 4464 1792 4523 λί-

1021 4576 1090 4630 γεις,
1113 4540 1134 4609 il
1158 4548 1313 4629 Ἐπίκουρος
1336 4549 1487 4629 κιθαρῳδῶν
1509 4548 1554 4607 καὶ
1580 4552 1698 4621 αὐλητῶν
1713 4552 1793 4608 ἕωθεν

1022 4638 1217 4719 ἀκροασάμενος
1231 4638 1267 4703 είς
1291 4636 1331 4695 τὸ.
1341 4635 1447 4717 θέατρον
1465 4636 1587 4714 βαδίζεις,
1612 4640 1637 4696 ir
1650 4638 1677 4697 dl
1692 4660 1792 4715 συμπο·

1021 4726 1069 4805 σίιμ
1094 4725 1265 4805 Θεοφράστου
1290 4724 1349 4803 περὶ
1367 4728 1522 4805 συμφωνιῶν
1539 4726 1722 4803 διαλεγομένου
1746 4726 1791 4783 καὶ

1021 4810 1195 4894 Ἀριστοξένου
1209 4813 1269 4892 περὶ
1283 4810 1437 4891 μεταῶολῶν
1457 4814 1502 4872 καί
1515 4811 1711 4894 Ἀριστοφάνους
1728 4813 1790 4892 περὶ

1022 4901 1143 4980 Ὁμήρου
1159 4899 1193 4960 ct
1213 4889 1269 4959 ῶτοι
1284 4901 1427 4982 καταλήψῃ
1442 4909 1499 4969 ταῖς
1516 4903 1594 4981 χερσὶ
1617 4898 1794 4980 δυσχεραίνων

1022 4990 1068 5049 καί
1083 4988 1295 5068 βδελυττόμενος,
1314 4988 1367 5048 ubi
1387 5010 1441 5068 pro
1456 4988 1658 5068 Ἀριστοφάνους
1676 4988 1794 5063 egregie

1020 5077 1182 5138 emendarit
1200 5076 1391 5159 Ἀριστοτίλους
1414 5076 1523 5148 Nauck,
1555 5077 1586 5134 in
1607 5074 1791 5152 Aristopbsn.

1022 5166 1137 5243 Byzaut.
1161 5185 1189 5243 p.
1208 5174 1264 5238 τίς
1293 5165 1330 5224 cl.
1357 5166 1456 5224 iiheiu.
1480 5168 1555 5222 Mus.
1581 5166 1618 5223 N.
1638 5166 1672 5221 F.
1693 5163 1792 5233 ιλιι,

1024 5275 1052 5333 p.
1072 5254 1139 5319 tha.
1158 5251 1286 5311 Eundem
1305 5272 1414 5312 morem
1432 5250 1538 5309 librum
1565 5251 1663 5329 potius
1683 5252 1792 5329 signiti-
