4017 5984
833 781 1050 840 rnnrnro.
1123 741 1126 745 ’
1562 791 1597 833 ιι
1646 811 1652 824 .

284 918 436 1012 pretium
457 915 544 1003 erit;
567 911 669 984 nullo
687 926 809 985 tamen
833 913 943 984 modo
958 913 1168 1003 concedam,
1193 915 1262 984 hoc
1280 915 1476 986 Aristotelis
1494 916 1602 988 silen-

285 1041 334 1110 tio
354 1039 497 1111 illorum
512 1036 689 1108 librorum
709 1037 960 1107 auctoritatem
980 1035 1151 1107 infirmari
1172 1051 1208 1107 et
1226 1037 1379 1133 infringi.

321 1149 440 1234 'vides
454 1187 564 1260 quam
577 1161 700 1232 multae
714 1185 898 1256 quamque
916 1185 1038 1255 graves
1050 1160 1119 1230 sint
1138 1163 1351 1256 quaestiones
1367 1185 1457 1259 quas
1477 1165 1514 1233 in
1536 1164 1602 1233 hac

284 1286 492 1384 praesatione
510 1287 568 1354 vix
585 1309 628 1355 ac
646 1309 691 1356 ne
717 1263 774 1354 vii
786 1282 934 1380 quidem
952 1286 1125 1379 attingere
1139 1286 1336 1382 potuimus.
1356 1286 1463 1373 Quod
1479 1289 1507 1357 si
1522 1312 1601 1384 spe·

283 1411 435 1482 randum
464 1424 529 1497 est,
560 1433 627 1478 nos
654 1431 815 1504 unquam
846 1407 949 1503 plura
982 1422 1017 1478 et
1044 1409 1241 1505 praesertim
1271 1411 1424 1482 certiora
1451 1410 1526 1482 sive
1557 1410 1602 1483 de

283 1533 575 1612 Aristoteleorum
598 1529 775 1603 librorum
798 1531 834 1602 in
870 1531 1085 1627 antiquitate
1121 1530 1266 1602 fortuna
1293 1525 1503 1621 habituros,
1529 1535 1602 1604 siva

283 1659 390 1729 etiam
404 1657 450 1728 de
466 1657 550 1754 ipsis
566 1655 678 1726 initiis
693 1679 714 1724 a
737 1651 870 1751 quibus
885 1653 1070 1751 profectus
1088 1652 1291 1726 doctrinam
1304 1679 1406 1726 suam
1420 1654 1601 1727 admiran-

282 1780 365 1852 dam
380 1779 590 1851 exstruxerit
614 1776 867 1875 philosophus,
887 1775 934 1846 ad
952 1776 1024 1848 hoc
1035 1779 1123 1873 quin
1134 1778 1280 1849 maximi
1293 1782 1467 1850 momenti
1482 1780 1602 1851 sutura

283 1905 353 1974 sint
371 1905 408 1973 in
426 1928 468 1975 ea
485 1925 709 2000 quaecunque
735 1898 782 1969 ad
806 1897 992 1995 deperdita
1020 1900 1098 1994 ejus
1116 1902 1246 1996 scripta
1273 1903 1475 1998 pertineant
1496 1925 1599 1974 accu-
1694 1939 1703 1954 ι

284 2027 395 2095 ratius
430 2049 538 2122 quam
566 2023 754 2117 hucusque
776 2019 909 2092 factum
939 2035 993 2092 est
1027 2021 1224 2117 inquirere,
1259 2022 1425 2118 equidem
1457 2027 1603 2095 minime

283 2148 423 2219 dttbitO.

322 2370 488 2432 Scribebam
501 2367 692 2451 Argentorati,
708 2367 806 2428 idibus
820 2367 1042 2438 Novembribus,
1059 2369 1127 2428 anui
1142 2366 1385 2430 MDCCCLthlt.
