4017 5984
225 479 265 538 θθ
765 471 1013 536 ARISTOTELIS
1034 472 1281 533 FRAGMENTA.

223 609 359 686 adjungat
373 608 430 676 τοὺς
452 606 516 688 ὑπὲρ
531 609 583 666 τῶν
606 605 737 678 ποιήσεων
758 605 855 664 τούτων
877 609 997 684 (tragoe-
1053 625 1112 664 nou
1135 606 1268 664 diversas
1291 605 1390 664 fuisse.
1403 604 1439 664 ln
1460 627 1520 684 quo
1543 608 1605 668 illis
1630 610 1726 670 fraudi
1751 613 1826 688 fuit,

223 697 300 762 diam
315 711 343 757 et
354 697 528 757 comoediam
543 694 628 774 scil.)
645 693 802 774 ἀγωνιστάς,
816 695 846 754 λθ
863 695 995 756 estPeri·
1052 693 1131 769 quod
1151 711 1212 752 non
1231 693 1302 752 satis
1320 691 1396 752 bene
1413 709 1625 772 perspexerunt
1642 699 1825 758 Aristotelem

223 787 373 864 paetico,
1053 799 1114 838 non
1136 779 1172 840 de
1185 780 1310 858 proprio
1331 780 1458 858 quodam
1483 782 1615 861 scripto,
1639 785 1690 844 sed
1709 786 1746 845 de
1761 787 1827 846 Pla-

1050 866 1157 926 tonicis
1178 866 1215 926 de
1232 867 1315 926 Bnno
1337 867 1524 929 sermonibus
1544 869 1673 930 locutum
1696 875 1826 933 caselle

387 952 441 1012 lll.
464 955 555 1014 ΠΕΡΙ
576 953 830 1014 ΦΙΛΟΣΟΦΙΑΣ.
1050 951 1182 1054 hisvero
1194 967 1303 1058 postea·
1314 957 1477 1016 accuratius
1492 957 1652 1018 videndum
1665 963 1732 1035 erit,
1746 981 1824 1022 nunc

261 1121 346 1192 Quod
370 1121 545 1199 Bernaysius
560 1120 597 1179 de
621 1119 882 1198 dialogicalorma
905 1116 995 1176 libro·
1046 1043 1826 1216 ὲᾚὶῖγξῖἳὲγὲιῖᾒζᾷἴέζῷῗίἷῗζίὲξῇῗώᾙ

222 1231 298 1281 rum,
313 1209 363 1288 qui
385 1209 417 1267 in
431 1210 527 1288 prima
541 1220 622 1286 parte
639 1207 745 1266 indicis
759 1206 899 1282 Diogenis
920 1204 953 1265 L.
967 1217 997 1264 et
1049 1217 1240 1298 phumpffia
1264 1220 1440 1280 mentionem
1462 1222 1564 1281 fecerit
1583 1243 1684 1286 necne,
1707 1228 1752 1284 γ),
1771 1228 1825 1285 hac

221 1297 369 1377 Anonymi
386 1309 575 1356 recensentur
594 1295 730 1370 (Diogen.
754 1293 850 1352 Laert.
868 1293 898 1366 3,
918 1295 995 1351 Auo·
1049 1309 1144 1356 antem
1157 1317 1191 1356 re
1211 1297 1293 1357 nulla
1308 1298 1430 1358 fortasse
1445 1300 1590 1360 dubitatio
1603 1317 1690 1377 esset,
1713 1307 1772 1366 nisi
1786 1307 1825 1365 ab

222 1410 301 1468 nym.
337 1395 370 1464 3;
402 1389 439 1450 cs.
470 1382 675 1442 Dsohemalud.
702 1383 756 1458 3),
785 1393 868 1440 acute
898 1381 994 1460 suspi·
1049 1383 1123 1462 ipsis
1137 1385 1306 1465 philosophi
1324 1387 1535 1466 interpretibus
1560 1390 1745 1468 injiceretur,
1765 1415 1825 1454 uno

221 1491 300 1536 catus
324 1492 401 1550 erat,
427 1474 475 1548 id,
500 1469 579 1548 quod
604 1468 640 1527 ad
672 1467 764 1528 libros
787 1466 847 1546 περί
872 1468 994 1528 Φιλοσο-
1049 1492 1110 1543 oue,
1122 1486 1243 1552 excepto
1258 1473 1432 1549 Tbeinistio,
1448 1477 1665 1538 affirmantibus
1676 1481 1708 1539 in
1722 1481 1823 1541 serbis

220 1566 280 1642 φίας
302 1566 420 1634 attinet,
446 1557 634 1618 verissimum
668 1575 746 1626 esse,
772 1575 850 1616 nunc
882 1555 992 1615 diserto
1049 1562 1217 1622 Aristotelis
1230 1561 1332 1622 Natus.
1348 1565 1490 1638 Auscult,
1514 1565 1552 1636 ll,
1573 1570 1634 1644 a,§
1657 1590 1692 1626 ιο
1716 1574 1824 1650 ιΔιχῶς

220 1655 363 1712 Prisciani
390 1647 558 1731 philosophi
583 1644 751 1704 testimonio
773 1642 992 1722 comprobatur.
1047 1647 1099 1730 γὰρ
1112 1649 1142 1708 τὸ
1156 1641 1187 1708 οὗ
1201 1649 1289 1712 ἕνεκα·
1302 1649 1404 1730 ripaeos
1422 1651 1449 1711 θλ
1463 1655 1489 1712 ἐν
1503 1655 1557 1723 τοῖς
1568 1657 1630 1735 περλ
1644 1658 1821 1737 Φιλοσοφίας,

223 1742 255 1799 ln
286 1742 456 1820 praelatione
484 1735 563 1794 enim
588 1733 786 1803 Quaestionum
811 1729 991 1790 Naturalium
1048 1732 1083 1793 σθ
1099 1737 1161 1817 περί
1176 1737 1339 1818 Φιλοσοφίας
1359 1739 1433 1798 nibil
1460 1741 1540 1799 aliud
1563 1741 1711 1820 designari
1737 1765 1823 1824 quam

221 1833 257 1888 ad
280 1830 438 1888 Chosroem
461 1826 613 1883 Persarum
637 1839 750 1896 regem,
769 1819 896 1898 primum
916 1817 994 1876 edita
1048 1823 1179 1883 Ethicam
1195 1824 1231 1883 ad
1249 1824 1456 1886 Nicomachum
1469 1829 1626 1908 scriptam,
1639 1831 1677 1890 cs.
1688 1831 1821 1913 Simplic.

220 1940 279 1978 av.
300 1920 336 1978 cl.
351 1916 526 1987 Quicherat,
549 1909 742 1985 Bibliothdque
761 1912 797 1964 dc
822 1898 928 1964 l'Ecole
945 1910 994 1964 des
1048 1909 1176 1974 inArist.
1187 1912 1322 1991 Physic„
1334 1913 1356 1976 l.
1365 1916 1415 1988 67,
1427 1934 1523 1989 verso,
1532 1916 1639 1976 loann.
1652 1919 1824 1999 Philopon.,

221 2011 346 2076 Charias,
370 2007 399 2064 3⁸
413 2009 501 2072 serie,
520 2013 540 2060 t.
559 1997 608 2070 lt',
629 2019 656 2076 p.
673 1999 740 2070 248,
754 1993 993 2055 deindealli'rb·
1049 1999 1070 2060 s.
1094 2019 1125 2079 p.
1156 1998 1327 2077 15‚Schol.
1348 2003 1415 2064 cod.
1445 2005 1540 2064 Paris.
1574 2026 1607 2066 n.
1631 2015 1727 2083 1947,
1746 2007 1825 2086 apud

220 2117 301 2167 nero,
321 2097 352 2154 in
372 2094 487 2152 Plotino
502 2090 548 2148 ed.
568 2087 658 2145 Didot
676 2088 713 2144 ad
734 2086 853 2158 calcem,
875 2086 937 2142 haec
958 2083 994 2142 de
1048 2086 1183 2148 Brundis.
1214 2107 1243 2166 p.
1267 2090 1337 2165 349,
1362 2089 1400 2162 b,
1426 2111 1476 2152 ορ,
1499 2092 1592 2162 Quem
1612 2112 1742 2154 errorem
1765 2115 1824 2154 110„

220 2182 349 2242 lontibus
377 2180 438 2238 suis
462 2176 573 2255 posuit,
600 2195 630 2251 p.
662 2173 719 2232 553
742 2191 750 2232 t
776 2175 822 2229 Ex
848 2175 994 2229 Platonico
1048 2173 1167 2233 aliunde
1180 2187 1280 2234 natum
1297 2189 1478 2256 puto,quam
1492 2180 1629 2257 everbis,
1647 2187 1754 2260 quaein
1769 2185 1823 2242 pa.

218 2279 293 2329 enim
311 2273 418 2326 Timaeo
440 2267 637 2338 Phaedoueque
657 2275 686 2317 et
707 2259 834 2318 Piaedm
847 2273 874 2316 et
887 2261 993 2316 Politia
1047 2260 1179 2340 saphrasi
1193 2263 1293 2341 posuit
1303 2262 1493 2338 Themistius,
1508 2265 1560 2328 iol.
1581 2275 1619 2338 al,
1637 2289 1748 2329 verso:
1768 2269 1822 2330 Καὶ

219 2377 248 2418 ct
263 2363 328 2416 aliis
353 2355 574 2413 conuenientibus
593 2350 828 2426 <lisputationibus
847 2361 992 2422 assumpta
1044 2349 1085 2409 δτι
1100 2350 1180 2428 διχῶς
1199 2349 1230 2408 τὸ
1247 2350 1319 2418 τέλος
1332 2352 1359 2408 ἐν
1383 2353 1436 2419 τοῖς
1448 2353 1566 2422 Ἠθικοῖς
1584 2356 1639 2435 (cs.
1665 2358 1731 2416 Etis.
1754 2359 1819 2420 Nic,

219 2463 301 2524 atque
321 2441 451 2516 confecta
463 2453 537 2509 suni,
554 2453 582 2496 et
602 2439 757 2495 actionibus
769 2433 988 2515 (πραγματείαις)
1047 2437 1089 2498 in.
1100 2437 1112 2517 )
1122 2439 1237 2515 λέγεται,
1253 2438 1288 2496 ad
1301 2441 1494 2516 praecedentia
1513 2444 1591 2522 apud
1603 2445 1821 2526 philosophum,

219 2537 373 2594 Aristotelis
399 2535 435 2588 cle
443 2531 562 2606 physica
576 2541 603 2585 et
620 2529 656 2583 de
675 2528 747 2582 coelo
761 2538 791 2582 et
811 2528 847 2582 de
866 2545 992 2600 genera-
1046 2527 1068 2587 l.
1082 2526 1103 2586 l.
1120 2523 1199 2603 ίσμίν
1219 2527 1270 2606 γοίρ
1283 2551 1340 2594 πως
1360 2528 1405 2588 καὶ
1418 2533 1494 2606 ipsi<
1511 2531 1597 2610 τέλος,
1613 2535 1821 2611 spectantibus,

218 2634 291 2682 tione
307 2636 335 2680 et
351 2626 523 2696 corruptione
535 2630 565 2674 et
586 2613 734 2692 μετεώρων,
746 2617 877 2670 similiter
886 2634 992 2690 quoquc
1046 2633 1107 2672 nou
1129 2633 1199 2673 vero
1217 2614 1254 2673 ad
1268 2617 1417 2692 sequentia
1431 2617 1533 2697 εἴρηται
1546 2617 1576 2678 δὲ
1589 2621 1616 2680 is
1627 2621 1681 2688 τοῖς
1693 2621 1753 2702 napi
1770 2625 1822 2683 Φι·

218 2735 255 2768 ατ
278 2713 324 2767 his
337 2729 400 2786 quoe
420 2718 484 2762 sunt
504 2707 540 2784 de
559 2723 655 2760 sonmo
675 2715 705 2758 et
716 2707 832 2762 somniis
851 2715 879 2756 et
895 2721 933 2758 ea
950 2703 992 2758 his
1044 2701 1184 2782 λοσοφίας,
1198 2722 1263 2781 quae
1282 2703 1315 2761 in
1333 2705 1394 2763 suis
1413 2703 1500 2764 libris
1524 2727 1585 2765 non
1609 2707 1759 2770 invenisse
1773 2713 1818 2770 ri·

217 2822 282 2876 (μιαν
292 2805 373 2876 quasi
386 2803 414 2852 in
430 2797 554 2870 dialogis
565 2798 669 2868 scripta
683 2803 747 2847 sunt
757 2793 794 2848 dc
812 2791 992 2866 philosophia
1047 2793 1132 2850 detur
1148 2789 1339 2865 'l’hcmistius,
1362 2813 1452 2870 quum
1474 2796 1556 2853 nulla
1567 2796 1689 2856 illorum
1710 2800 1742 2858 in
1756 2800 1822 2876 ejus

216 2904 244 2947 ei
264 2892 300 2946 dc
323 2888 445 2944 mrmdis.
465 2881 522 2940 Sed
548 2897 601 2938 nec
624 2879 679 2938 boc
699 2897 774 2958 opus
788 2878 882 2938 luerat
905 2899 990 2958 argu·
1046 2877 1221 2958 Parapbrasi
1237 2880 1349 2940 mentio
1368 2896 1513 2945 occurrat.
1528 2883 1614 2953 Quod
1628 2887 1719 2962 igitur
1732 2888 1822 2946 innu-

218 2988 332 3053 mcuto,
355 2987 388 3034 ut
407 2972 524 3030 illorum
549 2987 634 3028 error
658 2979 838 3044 argueretur,
861 2969 929 3045 qui,
960 2982 991 3028 ut
1046 2967 1134 3042 meris
1157 2967 1229 3028 locis
1246 2969 1279 3026 in
1297 2969 1466 3048 philosophi
1489 2970 1577 3030 libris
1593 2972 1699 3032 factum
1721 2988 1776 3047 est,
1792 2989 1821 3035 et

217 3066 287 3124 olim
302 3067 406 3124 Petrus
427 3060 551 3130 llarsus,
571 3056 650 3114 Sam.
667 3055 778 3114 Peticus
803 3056 988 3131 (Miscellan,
1045 3053 1094 3113 hic
1108 3055 1247 3117 accidisse
1261 3057 1359 3129 credo,
1387 3069 1416 3116 et
1429 3057 1547 3136 quidem
1564 3060 1616 3136 ita,
1630 3073 1662 3118 ut
1681 3061 1743 3120 illis
1761 3062 1821 3139 περί

217 3156 236 3210 Ι.
261 3151 311 3222 tv,
335 3155 383 3227 9),
404 3147 526 3207 Buhlius
554 3143 605 3224 (dc
628 3147 745 3204 Aristot.
771 3145 847 3202 libris
858 3147 987 3222 deperd„
1044 3141 1207 3224 Φιλοσοφίας
1231 3145 1428 3224 hletaphysica
1451 3145 1683 3226 designarentur,
1711 3152 1820 3210 omisso

217 3262 245 3318 p.
272 3236 447 3314 108,110],
471 3235 584 3293 'l'itzius
607 3231 660 3310 (de
678 3237 791 3291 Aristot.
816 3235 880 3292 libr.
907 3241 987 3304 serie,
1045 3232 1164 3291 fortene
1178 3232 1269 3291 verbo
1290 3231 1508 3311 apoirnc,qu0d
1522 3235 1554 3291 in
1573 3234 1651 3307 loco,
1669 3236 1760 3296 simili
1775 3239 1819 3296 in·

216 3349 246 3406 p.
264 3334 314 3400 φλ,
330 3324 398 3399 θλ),
411 3321 571 3380 novissime
583 3330 677 3377 autem
693 3317 846 3378 Krischius
857 3317 866 3399 ί
877 3323 989 3377 Forsclr.
1045 3321 1248 3399 terpolationis
1268 3320 1428 3398 suspicioni
1455 3320 1606 3397 obnoxio,
1632 3325 1668 3382 dc
1689 3312 1816 3386 Animal.

215 3416 269 3488 niis
278 3418 341 3470 dem
351 3409 465 3470 Gebicte
476 3410 587 3466 deruit.
596 3407 713 3474 Psilos..
729 3425 758 3484 p.
767 3407 824 3464 263
838 3407 928 3486 σμγ),
940 3408 989 3467 de.
1044 3409 1184 3484 motione,
1196 3430 1223 3469 ο,
1239 3410 1257 3467 6
1270 3409 1349 3480 init„
1360 3408 1467 3484 legitur
1485 3430 1494 3468 :
1509 3411 1579 3490 [159⁸²
1591 3411 1639 3489 μγ,
1653 3419 1698 3474 ,ογ
1711 3414 1817 3494 πρώτου

216 3513 377 3560 monstrare
393 3495 521 3574 aggressi
534 3507 612 3567 sunt,
627 3493 712 3552 hosce
724 3492 817 3554 libros
828 3495 889 3574 περὶ
903 3498 987 3556 Φιλο-
1042 3495 1193 3573 κινοομίνοο
1202 3496 1247 3556 καὶ
1256 3495 1296 3555 οἰσὶ
1305 3494 1469 3571 κινουμένου,
1479 3496 1525 3556 καί
1534 3503 1591 3566 πῶς
1599 3508 1665 3560 artai
1675 3502 1706 3561 τὸ
1716 3506 1819 3581 πρῶτον

216 3592 307 3672 σοφίας
331 3586 546 3658 incontinent,
563 3587 614 3664 qui
636 3583 723 3643 hodie
742 3581 820 3642 Μετὰ
840 3583 874 3643 τὰ
890 3586 988 3666 φυσικὰ
1043 3589 1142 3663 κινοῦν,
1152 3581 1289 3664 διώρισται
1299 3585 1423 3665 πρότερον
1434 3585 1461 3644 is
1473 3593 1525 3654 τοῖς
1538 3586 1599 3667 περὶ
1612 3587 1818 3668 πρώιηςψςλο.

216 3680 427 3753 inscribuntur,
454 3695 544 3754 quum
568 3674 644 3734 nihil
667 3692 783 3746 eorum,
807 3693 872 3751 quae
897 3688 929 3734 ut
952 3697 988 3736 ex
1043 3673 1146 3755 σοφίας,
1157 3673 1240 3734 Talis
1259 3693 1331 3732 vero
1341 3672 1452 3734 fraudis
1465 3675 1557 3735 multo
1570 3679 1657 3736 etiam
1675 3679 1819 3742 illustrius

215 3789 302 3845 opere
319 3768 355 3826 de
375 3763 565 3843 Philosophia
588 3764 740 3841 desumpta
757 3762 930 3836 afferuntur,
953 3766 987 3824 in
1044 3763 1211 3842 suppeditat
1232 3762 1398 3840 exemplum
1412 3763 1578 3842 Asclepius,
1597 3769 1649 3845 qui
1672 3768 1704 3826 in
1725 3770 1819 3829 intro·

215 3859 261 3917 his
284 3856 411 3916 inveniri
425 3854 525 3933 possit.
543 3852 608 3912 Non
620 3855 712 3930 magis
732 3852 828 3923 euim,
845 3865 876 3910 ut
893 3853 988 3914 tribus
1043 3853 1180 3912 ductione
1193 3852 1230 3912 ad
1241 3851 1450 3930 ldetaphysica,
1465 3873 1496 3932 p.
1513 3853 1585 3931 519,
1598 3853 1631 3926 b,
1650 3877 1685 3932 ¹9
1697 3856 1817 3930 brand,

216 3962 325 4008 tautum
338 3945 425 4005 modo
438 3943 580 4021 exemplis
590 3943 741 4018 defungar,
751 3941 788 4000 de
801 3940 910 4019 Orphei
924 3962 989 4002 car·
1042 3962 1079 4002 ex
1098 3943 1259 4020 Analyticis
1280 3941 1494 4021 posterioribus
1517 3941 1579 4002 haec
1605 3943 1697 4004 rerba
1717 3946 1818 4020 affert,

215 4036 356 4106 minibus,
373 4053 459 4112 quam
473 4030 509 4089 de
523 4043 641 4090 auctore
655 4030 816 4090 notissimas
828 4029 907 4088 illius
921 4049 987 4088 sen-
1046 4059 1059 4086 a
1082 4031 1133 4099 Ὣς
1158 4029 1261 4112 ιίρηςαί
1280 4053 1324 4109 μοι
1349 4032 1377 4088 ἐν
1403 4039 1458 4098 τοῖς
1477 4032 1539 4112 πιρί
1562 4031 1655 4112 σοφίας
1676 4033 1779 4112 λόγοις,
1801 4064 1814 4088 .

215 4124 310 4184 tentiae
324 4125 409 4183 Γνῶθι
422 4117 539 4190 σεαυτὸν,
555 4117 654 4176 aut¹de
664 4117 756 4194 hlagis
771 4117 988 4194 antiquioribus
1043 4141 1180 4200 qnorum,
1200 4133 1234 4179 ut
1249 4139 1316 4179 cum
1330 4119 1459 4179 Varrone
1472 4119 1588 4197 loquar,
1610 4139 1662 4179 nec
1682 4122 1753 4179 rola
1765 4141 1818 4182 nec

215 4229 301 4287 ‘luam
317 4207 461 4286 AEgyptiis
478 4205 529 4283 (cf-
544 4205 621 4263 infla
635 4204 673 4264 sl·
691 4225 724 4274 ¹2
740 4205 774 4275 3,
792 4203 842 4282 ὅ),
855 4205 886 4264 in
901 4205 988 4266 hlota-
1041 4211 1196 4286 vestigium
1207 4208 1240 4268 in
1259 4210 1367 4268 nostris
1381 4208 1466 4268 libris
1478 4209 1616 4268 occurrit.

215 4296 343 4375 physicis
358 4296 472 4354 locutus
489 4305 533 4351 est
546 4290 750 4370 philosophus.
770 4291 829 4350 Nec
844 4293 870 4352 is
893 4305 987 4354 tanrcn
1081 4297 1113 4358 si
1134 4297 1196 4356 haec
1207 4315 1277 4355 rere
1288 4317 1307 4356 a
1320 4296 1409 4356 nobis
1424 4297 1571 4374 disputata
1586 4309 1665 4369 sunt,
1687 4299 1819 4376 sequitur

215 4386 293 4444 solus
308 4402 392 4444 error
410 4393 454 4440 est
466 4381 498 4438 in
510 4399 569 4458 quo
586 4379 668 4439 multi
687 4379 792 4439 versati
802 4394 881 4452 sunt,
897 4381 946 4440 sed
961 4395 989 4440 et
1042 4382 1128 4457 inde,
1155 4400 1271 4444 utnon
1305 4390 1397 4461 magis
1426 4385 1537 4460 dialogi
1561 4385 1598 4444 de
1629 4384 1818 4463 Philosophia

216 4478 244 4534 in
259 4474 382 4533 similem
403 4471 490 4549 plane
506 4469 664 4528 nonnullos
678 4469 858 4529 induxerunt
870 4469 989 4549 Simpli·
1042 4491 1129 4548 quarn
1154 4486 1316 4532 ceterorum
1341 4473 1480 4532 disertam
1504 4473 1610 4532 secisse
1637 4474 1815 4534 mentionem

216 4563 277 4621 cius
292 4575 321 4622 et
340 4559 468 4618 loannes
487 4558 683 4635 Philoponus.
707 4556 751 4616 Ex
771 4557 810 4616 iis
830 4558 909 4620 enim
923 4579 989 4637 quae
1042 4559 1213 4620 Aristoteles
1228 4561 1374 4640 putandus
1388 4562 1437 4633 sit,
1458 4563 1511 4620 vix
1531 4564 1610 4620 enim
1630 4581 1705 4640 opus
1723 4577 1816 4624 estut

215 4651 259 4709 illi
282 4651 318 4708 ad
340 4646 506 4706 Aristotelis
520 4645 619 4716 rerba,
633 4644 669 4704 de
684 4646 806 4724 Anima,
819 4645 842 4718 l,
863 4667 892 4718 s,
913 4649 985 4726 57:
1042 4667 1187 4720 moneam,
1207 4649 1307 4709 salsam
1328 4668 1391 4708 esse
1413 4649 1533 4708 illorum
1551 4651 1745 4729 opinionem,
1765 4654 1817 4729 qui

214 4737 329 4814 Ὁμοίως
345 4735 372 4795 δὲ
386 4735 431 4794 κοιλ
446 4737 537 4800 ἐντοῖς
551 4735 612 4811 περὶ
630 4733 792 4813 Φιλοσοφίας
806 4733 989 4816 [λεγομένοις]
1042 4736 1131 4795 rerba
1141 4736 1314 4816 philosophi
1326 4738 1362 4797 de
1375 4737 1466 4799 Parti.
1476 4738 1589 4811 Auim.,
1601 4737 1627 4810 l,
1639 4739 1675 4798 16
1687 4738 1732 4819 (p.
1744 4741 1815 4812 223,

215 4825 339 4904 διωρίσθη
362 4823 444 4902 (scil.
468 4827 485 4892 ἡ
508 4820 580 4902 ψυχὴ
591 4821 611 4899 ),
627 4820 854 4898 adscripserunt,
877 4823 989 4901 primus
1043 4825 1097 4899 3ο)
1111 4823 1210 4893 εῚσως
1224 4826 1247 4884 δ’
1261 4826 1292 4884 ἄν
1307 4848 1345 4891 τις
1354 4823 1504 4905 ἀπορήσειε,
1515 4826 1594 4886 ποίαν
1606 4826 1726 4905 λέγουσιν
1739 4827 1817 4907 ἀνάγ.

217 4912 264 4970 ίολ.
282 4913 298 4970 5
310 4931 395 4970 verso
409 4932 415 4966 r
432 4909 501 4988 ssepi
509 4906 671 4988 Φιλοσοφίας
686 4905 733 4982 μὲν
747 4911 794 4965 νῦν
804 4907 875 4985 λέγει
883 4908 917 4966 τὰ
928 4911 988 4989 περὶ
1042 4935 1091 4987 κην
1114 4915 1138 4972 oi
1149 4912 1266 4992 λέγοντες
1280 4912 1307 4982 ἐξ
1320 4912 1444 4992 ἀνάγκης·
1458 4917 1511 4973 τῶν
1527 4912 1575 4991 μίν
1587 4913 1639 4996 γὰρ
1657 4913 1702 4974 δύο
1713 4915 1817 4995 τρόπων

215 5003 341 5077 τοίγαθοῦ,
358 5001 430 5060 alter
444 5017 524 5071 vero,
542 4999 562 5058 ί.
585 4996 619 5068 C,
643 5018 655 5055 1
683 5015 766 5056 verso
783 5019 790 5054 t
805 4995 849 5058 Ti
863 4997 923 5076 περὶ
941 5002 988 5058 τί·
1042 4999 1177 5083 οὐδέτερον
1202 4993 1278 5060 οἷόνθ
1292 5000 1432 5081 θποίρχειν,
1448 5004 1500 5061 τῶν
1525 5002 1701 5083 διωρισμίνων
1717 5005 1745 5063 ίν
1764 5013 1818 5073 τοῖς

215 5097 295 5170 γαθοῦ
309 5089 505 5171 ἐπιγραφόμενα
523 5085 583 5166 περὶ
597 5084 759 5167 Φιλοσοφίας
772 5085 855 5166 λέγει,
869 5101 932 5146 orta
945 5103 988 5150 est
1043 5087 1112 5147 κατὰ
1125 5087 1290 5171 φιλοσοφίαν,
1307 5091 1350 5148 ita
1363 5091 1512 5169 accipiunt
1523 5093 1609 5170 quasi
1629 5092 1666 5152 de
1678 5091 1765 5155 libris
1777 5093 1814 5152 de

216 5181 292 5258 apud
305 5183 411 5240 multos
423 5178 534 5257 opinio,
545 5175 638 5236 libros
653 5176 816 5235 Aristotelis
828 5177 888 5256 περί
902 5178 987 5236 Φιλο-
1042 5177 1232 5255 Philosophia
1245 5178 1418 5255 conscriptis
1430 5199 1526 5239 sermo
1541 5181 1632 5240 lieret.
1646 5181 1725 5251 Quid
1736 5183 1815 5240 enim

216 5263 308 5346 σοφίας
330 5266 436 5344 abiis,
451 5267 502 5344 qui
517 5263 576 5344 aspi
597 5265 711 5344 τάγαθοῦ
735 5264 870 5344 inscripti
886 5279 985 5344 erant,
1042 5265 1102 5325 sint
1113 5263 1146 5324 sd
1159 5266 1226 5324 κατὰ
1238 5265 1390 5348 φιλοσοφίαν
1402 5267 1562 5347 διωρισμένα
1574 5269 1684 5348 optime
1693 5288 1729 5329 ex
1739 5291 1817 5330 curn·
