4017 5984
886 546 1155 609 Puusstuotttt.

582 686 612 744 8.

253 827 296 884 lle
309 823 416 882 Gener.
432 821 530 880 inim.
546 818 595 896 tv,
617 828 649 892 4,
664 830 685 876 t.
700 816 757 894 ttt,
770 837 799 896 p.
829 815 899 888 405,
916 815 953 874 38
975 837 982 872 ι

214 911 265 974 ool
276 910 303 971 δὲ
319 915 396 970 τοῦτο
404 908 450 968 καί
467 905 525 974 τούς
537 909 583 979 τῆς
596 904 713 976 κυήσεως
721 903 829 985 χρόνους
847 901 918 984 μόνερ
932 904 983 960 τῶν

214 998 286 1082 ζῴων
305 999 358 1078 (τῷ
374 993 510 1078 ἄνθριύπῳ·
526 991 600 1070 scil.)
626 989 778 1068 ἀνωμάλους
801 981 867 1050 εἶναι
884 987 984 1067 ουμύί-

214 1086 302 1158 ύηκεν·
313 1093 367 1152 τοῖς
383 1083 431 1162 μίν
447 1083 498 1164 γάρ
513 1081 601 1150 ἄλλοις
611 1071 648 1148 εἷς
660 1081 730 1138 ἐστιν
747 1081 761 1136 δ
775 1077 880 1158 χρόνος,
895 1077 947 1142 τοῖς
962 1075 985 1134 δ’

214 1173 359 1256 ἀνθρώποις
377 1169 490 1238 πλοίους·
511 1167 556 1229 καλ
569 1168 620 1249 γάρ
635 1166 774 1244 ἑπτάμηνα
790 1165 836 1224 καὶ
850 1164 985 1240 δεκάμηνα

213 1263 352 1340 γεννῶνται
362 1257 408 1336 καί
419 1257 489 1318 κατὰ
501 1254 560 1324 τοὺς
574 1253 671 1334 μεταξύ
685 1253 809 1334 χρόνους·
828 1249 935 1332 καὶγὰρ
951 1251 985 1308 τὰ

215 1349 352 1428 ὀκτάμηνα
367 1350 399 1426 ζῇ
414 1347 473 1425 μίν,
488 1337 566 1417 ἧττον
581 1344 619 1406 δι’.
636 1343 677 1406 Tb
687 1345 710 1402 δ’
727 1341 809 1402 αίτιον
828 1344 859 1403 ἐκ
873 1345 925 1401 τῶν
939 1342 984 1399 λε·

214 1438 327 1517 χθίντων
337 1435 433 1496 συνίδοι
446 1457 486 1502 τις
496 1432 538 1507 όν,
548 1431 652 1512 εἴρηται
665 1432 692 1491 δὲ
705 1429 767 1512 περὶ
783 1431 866 1489 αὐτῶν
879 1431 910 1489 ίν
925 1427 987 1494 τοῖς

216 1521 485 1603 Προύλήμασιν.

583 1681 613 1737 9.

254 1793 297 1852 De
317 1791 452 1852 Genertt.
475 1789 603 1850 Animal.
627 1788 674 1860 Ν,
699 1810 727 1862 7,
753 1785 846 1864 llll,
865 1807 897 1864 p.
918 1793 986 1858 luo,

216 1889 252 1950 ll,
276 1878 342 1940 :Tb
362 1877 390 1938 δί
412 1875 505 1958 θύραζε
524 1874 624 1946 ἐξιόντα
640 1877 692 1935 τῶν
708 1872 831 1936 τοιούτων
851 1875 918 1950 (τῶν
941 1896 988 1951 μυ-

215 1969 268 2025 λῶν
292 1965 366 2046 scil.)
386 1966 486 2044 γίνιται
509 1962 613 2043 σκληρά
634 1963 715 2030 ούτως
739 1959 807 2022 ὥστε
830 1959 904 2040 μόλις
928 1961 987 2020 δια-

217 2054 360 2113 κόπτεσθαι
382 2051 427 2113 καί
441 2051 551 2134 σιδήρῳ.
568 2051 637 2132 Περί
653 2049 701 2130 μίν
715 2041 758 2110 οὗν
771 2053 819 2122 τῆς
829 2054 876 2108 τοῦ
891 2047 989 2116 πάθους

216 2141 301 2207 αἰτίας
313 2140 415 2222 εἴρηται
429 2143 465 2200 ἐν
479 2148 545 2207 τοῖς
563 2136 815 2220 Προύλήμααεν·
828 2135 927 2216 πάσχει
938 2135 989 2215 γάρ

219 2228 312 2287 ταύτδν
330 2227 360 2287 τδ
376 2225 467 2304 κύημα
482 2230 509 2294 ἐν
523 2228 557 2306 τῇ
572 2226 659 2307 μήτρα
673 2225 737 2306 dorp
749 2225 777 2284 ίν
791 2223 843 2292 τοῖς
854 2221 990 2304 ἑψομέναις

217 2317 251 2375 τά
273 2313 447 2394 μολυνόμενα,
462 2313 508 2373 καί
528 2314 557 2372 ού
575 2311 618 2372 tol
633 2311 801 2392 θερμότητα,
815 2309 905 2391 ὥσπερ
922 2309 989 2378 τινάς

218 2425 309 2484 φασιν,
322 2402 389 2462 ἀλλὰ
401 2401 501 2479 μᾶλλον
513 2399 546 2462 δι’
560 2399 696 2462 ιἰοθίνιιαν
707 2399 871 2480 θερμότητος.

578 2561 625 2603 10.

257 2679 465 2739 &hic-Nicum·
477 2680 501 2752 l,
518 2682 548 2752 5',
560 2683 621 2758 §56
633 2701 640 2738 :
652 2680 782 2740 Φαίνεται
793 2680 820 2739 δί
833 2680 991 2760 ότελεοτίρα

219 2777 265 2829 καὶ
280 2766 347 2838 αθτη
363 2769 393 2843 (ἡ
413 2766 494 2846 ἀρετὴ
510 2769 602 2842 scil.)·
618 2769 687 2826 δοκεῖ
708 2766 759 2849 γάρ
776 2766 925 2846 ίνδίχεσθαι
944 2767 992 2826 καὶ

220 2854 353 2915 καθεύδειν
373 2853 469 2933 ἔχοντα
480 2851 528 2926 riv
553 2853 657 2934 ἀρετήν,
671 2854 842 2934 ἢᾶπρακτεῖν
857 2855 901 2914 διδι
922 2853 992 2935 βίου,

220 2942 265 3002 καί
280 2942 344 3022 πρὸς
356 2940 454 3008 τούτοις
467 2943 626 3002 κακοπαθεῖν
639 2939 685 3000 καί
698 2944 803 3022 ότυχεῑν
815 2940 849 3000 τά
866 2941 989 3022 μάγιστα·

219 3030 262 3089 τὸν
282 3030 304 3090 δ’
319 3027 389 3089 ούτω
412 3029 497 3096 ζῶντα
520 3027 602 3096 οὐδείς
624 3027 654 3086 δν
673 3027 889 3107 εὐδαιμονίσειεν,
911 3030 990 3108 τίμὴ

192 3105 197 3116 ’
221 3117 290 3178 θέσιν
298 3115 490 3198 διαφυλάττων.
503 3113 560 3178 Καὶ
569 3114 631 3195 περὶ
648 3114 696 3192 μίν
705 3114 804 3174 τούτων
813 3114 885 3185 άλις·
897 3120 992 3185 ἱκανῶς

220 3205 270 3284 γάρ
281 3205 326 3264 καὶ
341 3207 371 3264 ἐν
385 3209 456 3270 τοῖς
469 3200 662 3282 ίγκυκλίοις
674 3200 776 3282 εἴρηται
786 3203 847 3284 περὶ
859 3204 953 3266 αὐτῶν.

259 3291 354 3352 Verba
373 3291 408 3352 ad
433 3295 512 3351 bunc
526 3292 621 3350 locum
638 3289 670 3349 in
691 3289 802 3350 scholio
826 3290 899 3351 eod.
923 3291 993 3368 Reg.

222 3380 362 3440 Christin.
384 3391 456 3440 teste
470 3378 640 3452 Brundisio,
658 3381 819 3437 Aristoteles
839 3381 899 3434 und
919 3385 997 3436 scine

222 3470 401 3544 Naclajilgen
433 3481 456 3530 t.
486 3466 517 3540 l,
546 3486 576 3546 p.
603 3465 679 3540 108,
710 3466 855 3544 adscripto
884 3487 892 3524 τ
918 3463 997 3528 Ἔστι

222 3557 250 3616 δὲ
273 3559 344 3638 αὐτῷ
358 3555 537 3636 προθλήματα
555 3554 681 3634 ἐγκύκλια
700 3553 718 3626 i,
737 3553 828 3633 βιύλία
845 3554 919 3634 (haee
938 3555 997 3614 duo

223 3645 367 3706 vocabula
379 3645 488 3706 omissa
500 3656 568 3704 sunt
581 3643 659 3722 apud
675 3641 795 3702 Rosium
811 3663 841 3721 p.
860 3663 930 3716 aar,
946 3642 997 3721 qui

227 3732 355 3790 locutae
378 3731 476 3790 codiee
499 3730 668 3809 exscripsit)
692 3728 855 3790 παντοδαπά·
885 3729 924 3790 διδ
951 3729 997 3790 καί

228 3816 353 3895 ἐγκύκλια
363 3817 512 3893 ὠνομάζετο
522 3815 565 3876 διά
581 3818 611 3876 sb
622 3817 763 3895 ίγκυκλίως
775 3815 866 3884 αὐτούς
879 3818 996 3894 καθημά-

228 3929 286 3973 νους
308 3907 451 3986 ίπιχιιρεῖν
477 3906 514 3972 είς
536 3903 567 3964 αδ
594 3901 771 3984 προτεθίν,ἢ
793 3903 837 3964 διὰ
860 3903 891 3964 τδ
914 3906 941 3964 ίν
960 3908 999 3986 τῷ

229 3992 321 4073 κύκλῳ
334 3995 512 4071 περιεστῶτας
526 3995 682 4074 ἀκροᾶσθαι,
697 3992 750 4051 vix
763 3992 860 4053 minus
873 3991 1001 4053 absurda

225 4081 373 4154 uidentur,
394 4098 480 4158 quam
492 4099 558 4158 quae
576 4080 613 4139 ad
626 4079 749 4140 eundem
767 4079 862 4139 locum
882 4093 1000 4140 annotat

226 4169 388 4229 Eustratius
404 4168 456 4230 sol.
476 4188 512 4227 oo
525 4186 611 4228 verso
633 4189 641 4228 :
657 4168 732 4228 Φασὶ
752 4166 796 4227 τὸν
819 4165 999 4248 Ἀριστοτέλην

228 4257 278 4330 ἔπη
301 4253 361 4316 τινδι
377 4253 497 4316 ίκθίσθαι
511 4255 631 4329 ίπίτηδες
649 4255 718 4315 κατά
729 4278 788 4315 τινα
807 4253 917 4336 όριθμδν
933 4278 1001 4334 συμ·

228 4344 378 4420 ποσούμενα
400 4341 520 4424 ίνίτίρορ
538 4340 608 4402 tlon
622 4342 667 4404 καὶ
689 4341 760 4412 τάξει
773 4333 810 4402 ὧν
829 4342 928 4414 ἑκάστη
948 4341 1001 4402 sol

228 4435 274 4490 τοῦ
297 4431 376 4490 αὐτοῦ
394 4453 423 4490 τε
445 4429 544 4513 ἤρχετο
561 4431 606 4490 καί
626 4433 663 4500 είς
684 4429 714 4490 τὸ
728 4429 791 4491 eorl
809 4429 947 4509 κατεληγε·
961 4430 1001 4490 διὸ

229 4519 275 4579 καὶ
291 4516 414 4597 ἐγκύκλια
426 4523 509 4580 ταῦτα
523 4519 672 4596 ὠνόμασεν,
686 4509 723 4586 οίς
734 4521 809 4596 ἡμεῖς
827 4517 875 4595 μὲν
889 4520 936 4577 οὐκ
948 4521 1001 4580 ἔνι·

229 4606 361 4686 τύχομσν,
389 4605 441 4668 εἰσί
464 4605 488 4667 δ’
508 4605 534 4667 οἳ
556 4605 617 4687 περὶ
647 4606 745 4666 τούτων
768 4605 918 4686 ἱστόρησαν.
944 4605 1002 4666 Nec

231 4695 387 4784 majorinus
398 4694 550 4772 allblgebit
562 4715 600 4754 ex
614 4697 651 4755 iis
661 4714 726 4773 qnae
740 4694 816 4773 apud
830 4695 1003 4774 interpretes

233 4782 270 4841 ad
288 4781 450 4843 Aristotelis
472 4776 570 4843 locum
594 4784 630 4842 de
648 4783 725 4841 Caelo
741 4780 766 4860 l,
785 4803 815 4860 9,
835 4781 912 4843 dicta
936 4795 1004 4842 sunt

234 4867 280 4948 (cl.
303 4869 451 4947 dialogum
467 4871 504 4930 de
526 4870 718 4950 Philosophia
732 4870 770 4932 ir.
788 4868 845 4949 ar)
866 4870 903 4930 ud
916 4870 1005 4948 expli·

234 4957 354 5015 caudam
369 4959 558 5036 quaestionem
583 4958 653 5036 quid
668 4958 727 5018 sint
744 4975 808 5034 quae
825 4955 902 5036 apud
924 4957 1007 5015 Aris-

234 5043 347 5102 totelem
367 5045 490 5123 ἐγκύκλια
504 5043 704 5126 ριλοσορήματα
719 5056 871 5106 vocantur.

275 5130 331 5190 Sed
340 5144 369 5190 et
377 5133 527 5193 missishis
536 5134 726 5212 interpretum
735 5132 832 5210 nugis,
844 5131 914 5192 satis
923 5132 1004 5191 lucu·

235 5219 326 5277 lenter
343 5218 437 5298 ipsius
452 5217 614 5280 Aristotelis
628 5219 794 5280 testimonio
812 5230 922 5278 constat
936 5219 1007 5277 Pro·

232 5303 390 5366 blematuru
406 5307 516 5367 librum
532 5305 614 5367 abeo
629 5308 823 5386 conscriptum
833 5305 932 5368 luisse.
949 5305 1007 5366 Cn·

1751 547 1809 606 tut

1034 678 1085 756 jus
1105 691 1199 739 tamen
1221 677 1289 735 libri
1310 678 1423 735 fortuna
1447 696 1506 736 non
1525 675 1628 735 melior
1648 677 1703 736 luit
1722 696 1808 755 quam

1038 764 1163 824 aliorum
1172 764 1379 824 nonnullorum
1390 764 1563 842 scriptorum
1574 764 1812 843 qrraeipseiaudat

1037 849 1809 932 ρίιίίοοορίιιιε,ιεῑπιρὶΤρορῆς,περίΝοόουκα“ιὙγιείας,

1038 938 1101 1018 περὶ
1113 939 1220 1012 Φυτῶν,
1234 957 1358 1016 quorum
1369 938 1500 997 omnium
1522 939 1603 998 nulla
1616 952 1661 999 est
1672 941 1811 1000 memoria

1038 1029 1116 1108 apud
1129 1042 1271 1108 posteros.
1287 1026 1401 1087 nanim
1410 1027 1488 1086 inter
1503 1045 1603 1086 omnes
1614 1026 1733 1088 locosin
1745 1031 1811 1105 qui·

1038 1114 1095 1174 bus
1107 1114 1292 1176 Problemata
1298 1115 1417 1194 respicit
1427 1114 1631 1193 philosophus,
1646 1115 1743 1175 nullus
1756 1130 1810 1186 est,

1038 1204 1090 1282 qui
1104 1204 1151 1263 vel
1165 1204 1201 1264 ad
1219 1223 1281 1263 σου]
1296 1202 1496 1262 collectionem
1511 1198 1726 1260 Problematum
1746 1222 1812 1278 quae

1040 1290 1095 1351 sub
1117 1291 1281 1353 Aristotelis
1306 1291 1425 1350 nornine
1447 1303 1549 1360 exstat,
1579 1289 1626 1348 vel
1651 1289 1686 1347 ad
1716 1289 1809 1348 libros

1039 1379 1167 1458 primum
1200 1380 1232 1438 iu
1257 1379 1311 1438 bac
1338 1378 1465 1437 editione
1491 1397 1510 1436 a
1542 1378 1747 1436 Bussemalero
1780 1378 1813 1435 in

1041 1465 1136 1525 lucem
1158 1465 1288 1545 prolatos
1312 1464 1415 1524 referri
1432 1465 1526 1544 possit
1544 1485 1551 1520 ι
1567 1483 1645 1523 uuus
1663 1483 1734 1524 vero
1750 1478 1813 1522 tan-

1042 1565 1102 1612 tum
1127 1553 1179 1631 (8),
1198 1554 1250 1632 qui
1270 1552 1458 1632 quaestionem
1479 1553 1587 1627 tangit,
1605 1571 1693 1629 quarn
1709 1566 1815 1610 tracta-

1042 1651 1100 1698 tam
1129 1640 1162 1700 in
1191 1640 1343 1718 deperdita
1375 1639 1615 1699 Aristoteleorum
1643 1639 1814 1698 collectione

1042 1729 1167 1789 fortasse
1180 1730 1330 1789 invenerat
1351 1727 1503 1787 Oribasius
1522 1727 1579 1802 (cl.
1604 1746 1692 1806 supra
1713 1728 1813 1804 fragm.

1043 1815 1125 1893 307).
1149 1815 1215 1874 lam
1233 1814 1302 1875 inde
1323 1815 1412 1891 igitur
1434 1814 1555 1873 minime
1574 1812 1701 1873 obscuro
1723 1833 1815 1890 argu-

1042 1916 1139 1961 mento
1162 1902 1348 1982 perspicitur,
1363 1900 1434 1978 qnid
1457 1900 1494 1959 de
1510 1899 1565 1960 bac
1586 1913 1685 1959 nostra
1704 1902 1812 1959 collec-

1042 1991 1124 2049 tione
1144 1990 1327 2050 statuendum
1351 1989 1397 2057 sit,
1415 1987 1452 2047 de
1464 2007 1524 2066 qua
1539 2007 1576 2047 ne
1600 1988 1675 2048 iilud
1696 1989 1812 2066 quidem

1045 2077 1187 2136 affirmari
1212 2077 1302 2148 licet,
1326 2089 1464 2155 excerpta
1486 2077 1615 2154 quadam
1641 2094 1658 2134 e
1680 2078 1816 2152 genuinis

1044 2164 1210 2224 Aristotelis
1226 2162 1421 2223 Problematis
1443 2163 1476 2222 in
1498 2182 1532 2221 ea
1546 2163 1709 2234 ὀοειεὶειειί,
1725 2184 1816 2241 quum

1045 2264 1146 2310 contra
1166 2251 1302 2328 frequens
1318 2249 1474 2309 earundem
1489 2252 1682 2327 quaestionum
1702 2251 1817 2310 iteratio

1044 2351 1143 2417 aperte
1168 2337 1368 2416 compilatoris
1388 2355 1504 2396 manum
1529 2337 1645 2414 prodit,
1660 2338 1817 2415 multaeque

1044 2429 1216 2505 qnaeoiones
1224 2426 1546 2503 adverbumsaepecum
1559 2425 1598 2485 iis
1610 2445 1675 2504 quae
1685 2426 1817 2504 inscrip-

1044 2515 1082 2573 tis
1095 2512 1288 2592 Theophrasti
1303 2512 1340 2570 de
1354 2514 1440 2587 igne,
1452 2511 1489 2570 de
1506 2511 1621 2584 Ventis,
1635 2513 1672 2572 de
1685 2511 1816 2584 Sudore,

1044 2601 1105 2683 περί
1116 2601 1227 2674 Κάπυν,
1241 2602 1312 2658 etin
1327 2598 1428 2657 libello
1439 2599 1476 2657 de
1488 2597 1646 2658 Guionibus
1655 2599 1818 2658 Aristotelis

1046 2689 1166 2747 nomine
1176 2688 1249 2746 falso
1264 2686 1407 2763 inscripto
1418 2686 1554 2761 leguntur
1565 2685 1787 2758 consentientes,
1801 2706 1817 2744 e

1046 2776 1137 2834 variis
1158 2771 1352 2850 scriptoribus
1376 2772 1602 2830 consarcinatam
1615 2789 1679 2832 esse
1701 2771 1819 2848 farragi-

1045 2881 1111 2922 nem
1139 2861 1295 2920 ostendunt
1310 2859 1367 2939 (cf.
1387 2858 1499 2934 Prantl,
1514 2861 1584 2916 iiber
1604 2861 1651 2915 die
1673 2858 1820 2916 Probleme

1045 2955 1096 3010 der
1120 2954 1298 3019 Aristoteles,
1315 2947 1462 3010 Abtaodt.
1477 2951 1528 3005 der
1551 2948 1713 3006 Meincbner
1724 2950 1818 3008 Arar.

1047 3054 1068 3101 t.
1083 3038 1132 3111 Vl,
1150 3060 1179 3118 p.
1195 3039 1335 3110 341377,
1346 3035 1463 3108 Rosius,
1476 3038 1520 3092 De
1531 3039 1645 3095 Anoroe.
1660 3037 1726 3098 libr.
1740 3039 1817 3106 ord„

1068 3128 1159 3203 .1ll9,
1173 3124 1234 3204 ss..)

1047 3147 1068 3207 p
1087 3213 1174 3284 Quod
1189 3213 1215 3271 si
1235 3212 1389 3289 queritur,
1409 3228 1478 3268 num
1489 3208 1551 3267 brec
1573 3206 1707 3266 collectio
1720 3209 1818 3266 eadem

1049 3304 1088 3363 sit
1101 3314 1188 3380 atque
1201 3319 1289 3377 quam
1300 3297 1413 3359 indices
1426 3297 1552 3356 afferunt
1572 3315 1580 3353 ι
1594 3296 1721 3356 Φυτικῶν
1742 3301 1820 3374 [orpo-

1052 3387 1218 3465 ύλημάτων]
1233 3387 1303 3446 κατὰ
1316 3393 1445 3466 στοιχεῖον
1457 3383 1493 3456 tl
1507 3384 1611 3464 (Diog.
1633 3380 1727 3444 laert.
1752 3405 1818 3456 rao,

1050 3479 1147 3537 bnon.
1174 3495 1242 3549 ror,
1267 3474 1320 3533 ubi
1341 3475 1461 3532 inverso
1483 3471 1587 3530 ordine
1606 3466 1640 3540 λῆ
1665 3470 1734 3529 κατὰ
1751 3493 1820 3529 στοι-

1050 3567 1123 3645 χεῖον
1134 3564 1160 3642 J,
1179 3562 1256 3619 iavet
1274 3560 1391 3638 quidem
1415 3576 1568 3618 consensus
1587 3554 1750 3631 librorum,
1769 3561 1822 3633 qui

1051 3666 1159 3724 tamen,
1171 3662 1205 3709 ut
1212 3647 1273 3726 jam
1288 3667 1305 3706 a
1317 3648 1406 3706 liosio
1420 3645 1606 3706 observatum
1615 3656 1661 3702 est
1672 3643 1718 3722 lp.
1735 3649 1821 3721 216),

1053 3739 1187 3800 fortuitos
1201 3736 1247 3795 vel
1272 3755 1290 3794 a
1311 3734 1445 3795 librariis
1468 3745 1568 3811 postea
1590 3730 1741 3790 restitutus
1760 3751 1823 3792 esse

1053 3827 1168 3908 potuit;
1181 3835 1287 3903 praeter
1299 3823 1357 3881 alia
1369 3841 1441 3881 vero
1457 3820 1531 3878 illud
1548 3818 1697 3897 praecipue
1711 3818 1822 3892 obstat,

1055 3915 1135 3993 quod
1155 3929 1244 3992 quum
1264 3910 1296 3969 in
1315 3908 1413 3970 indice
1433 3905 1575 3985 ίγκυκλίυν
1596 3903 1822 3988 [προθλημάτων]
1901 3946 1908 3959 .

1053 4000 1080 4060 α’
1095 4002 1120 4081 β’
1135 3999 1242 4081 (Diog.
1254 3995 1348 4056 Laert
1365 3997 1435 4070 raa)
1447 3994 1647 4066 nominantur,
1662 4011 1726 4070 quoe
1739 3993 1824 4052 Tau·

1053 4108 1104 4148 rus
1117 4085 1195 4165 apud
1205 4083 1332 4142 Gellium
1343 4082 1426 4143 Noct.
1435 4083 1492 4142 Att
1505 4082 1572 4152 XX,
1583 4090 1614 4153 Ιι,
1631 4099 1668 4138 ex
1680 4080 1825 4157 ίγκυκλίοις

1053 4174 1225 4254 προόιήμασι
1246 4171 1353 4248 attulit,
1375 4189 1410 4229 ea
1433 4170 1466 4228 in
1486 4168 1595 4230 uostris
1617 4166 1823 4242 Problematis,

1054 4260 1143 4333 XXX,
1162 4280 1189 4333 r,
1205 4257 1375 4319 adverbum
1391 4257 1450 4316 sere
1464 4257 1610 4333 leguntur.
1628 4253 1761 4313 Ceterum
1776 4275 1826 4313 ve·

1055 4346 1179 4407 risimile
1192 4359 1236 4405 est
1250 4345 1349 4424 plures
1362 4345 1434 4404 tales
1451 4343 1596 4402 exstitisse
1608 4339 1824 4400 Problematum

1055 4434 1249 4495 collectiones.
1276 4430 1319 4490 lta
1342 4431 1419 4491 enim
1440 4451 1500 4492 non
1523 4428 1618 4489 solum
1639 4442 1738 4488 auctor
1753 4429 1825 4487 Vitae

1054 4521 1209 4582 Marcianae
1228 4517 1325 4600 ρυσικδι
1340 4516 1524 4598 Προύλιίματα
1540 4517 1566 4575 ίν
1589 4513 1770 4592 ίύδομάκοντα
1786 4520 1825 4594 βι·

1057 4609 1139 4676 ύλίιιις
1165 4608 1305 4682 nominat,
1330 4607 1382 4666 sed
1395 4606 1487 4665 multo
1499 4606 1586 4664 etiarn
1605 4605 1768 4664 accuratius
1787 4605 1824 4661 de

1058 4697 1157 4756 eadem
1178 4714 1209 4755 re
1221 4695 1316 4754 David
1336 4708 1365 4753 et
1378 4707 1478 4753 auctor
1493 4692 1666 4772 appendicis
1675 4692 1728 4769 qui
1742 4694 1827 4749 Ano-

1057 4784 1139 4862 nymi
1162 4782 1254 4842 indici
1267 4779 1397 4859 adjectus
1416 4794 1470 4842 est.
1483 4780 1614 4852 Quorum
1636 4779 1687 4838 ille
1707 4779 1826 4837 citatio

1058 4869 1190 4947 Categor.
1208 4891 1238 4949 p.
1253 4879 1300 4938 al„
1321 4869 1355 4940 B,
1371 4889 1390 4945 9
1415 4890 1422 4924 ι
1447 4866 1493 4927 Tb
1513 4866 1578 4947 πρὸς
1595 4861 1736 4942 Εύκαίριον
1753 4863 1825 4943 αύτῷ

1058 4955 1229 5037 γεγραμμένα
1258 4954 1438 5032 ἐύδομήκοντο
1465 4952 1555 5032 βιύλία
1579 4950 1641 5030 περί
1673 4948 1826 5027 συμμίκτων

1058 5042 1236 5122 Ζητημάτων,
1248 5041 1331 5124 χωρίς
1345 5040 1490 5121 προοιμίων
1506 5039 1553 5100 καὶ
1563 5037 1689 5117 ἐπιλέγων
1701 5036 1747 5097 καὶ
1760 5039 1827 5097 διαι-

1062 5129 1156 5210 plosor
1181 5131 1267 5208 (quae
1290 5129 1363 5206 quid
1389 5126 1448 5186 sibi
1473 5127 1565 5185 veiint
1589 5125 1766 5202 intelligetur
1790 5145 1827 5184 ex

1060 5217 1189 5296 ejusdem
1209 5216 1331 5275 Davidis
1352 5214 1452 5274 verbis
1466 5213 1507 5274 ib.
1529 5233 1557 5292 p.
1573 5222 1623 5286 al,
1636 5214 1673 5292 t,
1689 5221 1726 5281 ia
1742 5234 1749 5270 ι
1773 5213 1828 5273 Καὶ

1061 5305 1266 5383 ύπομνηματικδι
1286 5302 1407 5384 λε’γονται
1434 5305 1460 5361 ίν
1485 5291 1522 5367 οἷς
1550 5300 1617 5377 μόνα
1642 5301 1676 5361 τδι
1698 5301 1828 5382 κεφάλαια

1696 5407 1734 5456 ts.
