4017 5984
812 436 1037 501 btvlstortlss.
1667 450 1722 508 10¹1

109 570 182 715 γρίρειγ
193 566 313 715 ίρτιὶγΙλρ
324 569 442 716 αῦγῶδθρ
460 568 510 677 μὲν
526 568 557 628 ab
569 578 680 677 πρᾶγμα
690 569 785 719 θλιὲθὶς
799 558 868 716 allai
874 615 886 681 γ
983 571 1167 718 ΧρΙΧ.ἶ(Σοόρ
1178 574 1268 719 bigne.
1282 576 1317 643 31.
1332 579 1498 721 τριαιρεὲγαι
1508 579 1560 636 τῶν
1570 581 1723 689 ίπιστημιῗρν

109 678 347 889 {offelli}
363 681 426 805 ότι
441 679 707 825 {mimi
722 677 889 818 αἶὶὶιτῖἶ
944 657 1722 829 laffaffiliu'ilss,{iiiii{fi'pfppfflifffflssi

110 855 163 892 οον
179 832 211 891 τθ
229 830 274 890 τὶν
299 832 357 893 θεθν
371 832 500 893 titaneos
523 821 601 891 εἶναι·
618 831 700 899 οὕτως
718 831 769 912 γθρ
790 832 846 913 ἔχιι
860 834 890 892 τό
945 833 1170 913 κατεπειγόντων,
1186 832 1213 893 ἓν
1227 836 1256 895 δὲ
1269 826 1329 916 θινῇ
1349 840 1401 896 τῶν
1412 836 1605 919 ἀκριῦεστίρων
1623 844 1724 916 μᾶλλον

109 930 223 999 πρᾶγμα
242 919 289 979 καὶ
303 921 351 980 oia
364 921 462 987 ἄλλως.
483 918 524 981 Ta
545 918 573 978 θί
593 918 695 999 λίγειν,
713 912 799 989 θύτός
817 924 888 981 ἔστιν
948 920 976 978 δὲ
995 920 1041 980 καὶ
1065 923 1101 990 τίς
1120 919 1252 990 σἰπόθειξιν
1268 922 1462 982 συντεινόντων.
1479 922 1559 984 Ἐστι
1580 928 1608 985 δὲ
1629 928 1721 1005 τὸμὲν

109 1006 210 1079 ἀληθὴς
230 1006 320 1086 λόγος’,
334 1013 382 1068 τοῦ
403 1009 516 1080 ἀληθοῦς
532 1007 612 1068 ίστίν·
626 1008 683 1069 ἔστι
703 1008 756 1089 γὰρ
779 1014 793 1069 θ
813 1010 890 1087 λόγος
947 1009 1087 1087 βελτιόνων
1107 1008 1152 1069 καὶ
1172 1010 1316 1069 καλλιόνων
1340 1002 1393 1071 οἷον
1415 1018 1432 1083 ὴ
1462 1015 1723 1091 ἀνδριαντοποιητικὴ

107 1102 221 1173 πρᾶγμα
235 1096 288 1155 ύπθ
300 1094 436 1174 τὸνλόγον
450 1100 543 1155 τοῦτον
559 1093 598 1156 όν.
613 1097 655 1157 'ri
665 1097 693 1155 θλ
708 1098 794 1177 λίγειν
810 1096 889 1156 brool
945 1095 1026 1177 τίχνη
1036 1097 1377 1175 καὶὴἆγαλματοποιητικὴ
1384 1099 1672 1185 καὶὴπσρρυροόαρικὴ
1679 1108 1723 1163 καὶ

108 1182 243 1262 ἄνθρωποι
253 1181 369 1264 {pingui
381 1186 450 1255 aloa,
471 1182 518 1243 καὶ
532 1188 548 1244 ό
561 1183 636 1262 λόγος
650 1185 750 1259 ἀληθής
766 1188 823 1245 ἐστι
842 1184 889 1245 καὶ
947 1186 1111 1244 αἱτοιαῦται·
1125 1183 1309 1265 συμφερόντων
1318 1184 1345 1243 δὲ
1354 1186 1505 1261 καὶμᾶλλον
1517 1190 1723 1267 κατεπειγόντων

109 1268 140 1326 τὸ
151 1277 275 1348 πρᾶγμα.
946 1260 1003 1355 aios
1016 1273 1034 1342 ἡ
1051 1269 1253 1345 σκευαποιητικὴ
1273 1272 1318 1330 καὶ
1330 1272 1482 1351 οἰκοδομικὴ
1492 1274 1537 1333 καὶ
1553 1278 1581 1331 αὶ
1594 1283 1723 1337 τοιαῦται·

149 1355 267 1419 XLVII.
281 1357 354 1419 cod.
369 1357 458 1418 Marc.
469 1360 505 1417 31
520 1378 529 1419 z
542 1364 691 1438 Διαιρεῖται
703 1355 734 1416 τθ
747 1359 840 1440 ψεῦδος
853 1360 889 1425 εὶς
946 1356 1142 1440 όκριόιστίρων
1151 1358 1179 1420 it
1188 1358 1235 1419 καὶ
1245 1361 1345 1438 μᾶλλον
1354 1363 1389 1427 εὶς
1399 1360 1529 1429 ἀπόδειξιν
1541 1366 1723 1425 συντεινόντων

109 1443 179 1521 τρία·
189 1443 246 1503 ἔστι
256 1445 307 1525 γὰρ
317 1447 398 1506 αθτοῦ
408 1445 436 1505 ἓν
447 1446 536 1523 μὶντθ
545 1446 696 1527 τθπρᾶγμα
708 1434 775 1504 εἶναι
782 1448 887 1527 ψεῦδος,
947 1447 977 1505 αἵ
993 1469 1022 1506 τε
1037 1449 1221 1525 μαθηματικαὶ
1237 1448 1283 1508 καὶ
1297 1452 1314 1520 ἡ
1329 1448 1481 1529 φιλοσοφία.

108 1531 138 1590 ἓν
155 1530 183 1592 δὲ
197 1533 242 1591 τόν
255 1532 332 1612 λόγον
338 1579 348 1607 ,
363 1534 392 1594 ἓν
406 1533 435 1595 δὲ
448 1534 479 1594 τό
496 1534 703 1616 συναμφότερον.
723 1534 764 1594 Ta
779 1533 828 1612 μὶν
845 1524 889 1596 οῦν
987 1532 1022 1595 L.
1038 1533 1112 1597 Cod.
1131 1536 1223 1599 Marc.
1240 1536 1277 1595 35
1299 1555 1308 1595 :
1324 1540 1472 1618 Διαιρεῖται
1493 1542 1507 1596 θ
1528 1538 1673 1621 στρατηγός
1687 1544 1723 1608 είς

109 1623 221 1702 πρᾶγμά
237 1624 293 1683 ἔστι
330 1625 403 1692 εῦδος
422 1624 487 1684 ὅταν
501 1624 540 1701 μὴ
564 1621 646 1691 ούτιος
662 1620 713 1703 ίχῃ
726 1624 763 1691 ύις
783 1620 890 1701 λόγιται
945 1624 1020 1703 τρία·
1034 1623 1090 1685 ἔστι
1103 1623 1154 1705 γθιρ
1171 1623 1189 1695 ἦ
1204 1648 1242 1705 τερ
1255 1622 1327 1705 νόμιρ
1342 1621 1595 1705 στρατηγθςῆκατθ
1613 1627 1725 1702 δύναμίν
1822 1617 1826 1623 ’

108 1710 167 1769 ἄλλ’
183 1709 314 1785 alileam
365 1714 381 1771 ό
406 1700 582 1791 καθόμενοςῇ
598 1708 718 1783 ἑστηκὼς
733 1709 752 1782 ἢ
769 1710 890 1779 όλευιιθς
945 1734 1006 1771 τινα
1019 1711 1065 1771 καὶ
1080 1710 1246 1791 πραγμύτων
1262 1711 1369 1792 κυρείαν
1390 1713 1564 1793 στρατηγθςῆ
1584 1714 1653 1775 κατὰ
1665 1718 1725 1775 lua-

110 1797 233 1877 [μίλαςί.
245 1797 280 1859 ‘0
294 1798 407 1878 δὶλόγος
419 1800 495 1860 ἔσται
507 1798 606 1881 ψευδὴς
628 1796 692 1859 όταν
710 1819 751 1865 τις
766 1797 831 1879 λίγη
845 1799 889 1859 τθν
946 1798 1063 1876 σπθμην.
1076 1796 1156 1859 Ἔστι
1168 1798 1196 1859 dl
1209 1801 1222 1857 θ
1235 1798 1284 1876 μίν
1300 1797 1368 1859 κατθι
1381 1798 1461 1876 νόμον
1476 1802 1623 1880 στρατηγός
1634 1793 1686 1862 οἷον
1702 1797 1726 1863 ol

108 1888 195 1959 ἀληθῆ
207 1887 285 1965 λόγον
304 1879 372 1947 εἶναι
392 1889 491 1968 ψευδῆ,
511 1874 565 1947 οἷον
579 1890 595 1947 θ
607 1886 749 1967 λίγωντθν
761 1888 823 1967 περὶ
842 1895 889 1949 τοῦ
946 1888 974 1946 ἰν
995 1891 1054 1955 ταῖς
1067 1886 1175 1946 πόλισιν
1190 1886 1357 1966 αἱρούμενοι,
1379 1890 1393 1946 θ
1413 1886 1440 1945 δὲ
1457 1885 1526 1946 κατὰ
1545 1888 1723 1967 ίπισιήμηνθ

108 1979 167 2032 θεοῦ
187 1974 282 2054 λόγον,
295 1966 350 2034 οἷον
364 1978 386 2055 ,θ
407 1974 492 2053 λόγων
507 1975 650 2055 [delenda
661 1976 720 2034 tria
738 1976 824 2054 vom]
849 1976 889 2037 ότι
946 1977 1015 2054 ἔχων
1028 1973 1076 2046 τὴν
1090 1973 1268 2054 στρατηγικὴν
1281 1974 1446 2052 ἐπιστήμην,
1461 1974 1514 2034 ὅθί
1529 1973 1597 2033 κατὰ
1613 1976 1723 2054 δύναμίν

108 2059 164 2123 ἔστι
177 2062 307 2135 θεὸς,καὶ
321 2067 413 2123 τοῦτον
427 2062 562 2143 θρόσιιων
572 2063 657 2143 ψευδῆ
671 2053 799 2135 είναι,“0
812 2062 887 2143 λόγος
944 2085 1004 2121 τινα
1018 2060 1064 2121 καὶ
1076 2061 1240 2142 πραγμάτων
1254 2061 1360 2141 κυρείαν
1372 2052 1427 2122 οἷον
1440 2065 1454 2119 θ
1468 2061 1519 2121 ύπό
1531 2084 1600 2131 τινος
1614 2064 1726 2123 ἐπιστα-
1847 2086 1851 2099 ·

107 2142 181 2218 οὗτός
193 2154 249 2210 ἔστι
267 2150 374 2234 ψευδής·
389 2152 419 2211 ού
432 2150 487 2233 γείρ
496 2154 567 2212 ίστιν
577 2152 631 2212 θιτθ
645 2150 690 2210 τόν
706 2151 783 2231 λόγον
796 2156 887 2213 τοῦτον
943 2150 996 2218 θεὶς
1008 2146 1026 2221 i
1039 2150 1115 2217 αθτθς
1125 2149 1168 2229 ὑφ’
1181 2152 1274 2209 ἑαυτοῦ
1289 2149 1377 2230 κύριος
1387 2151 1535 2231 χριμάτων
1547 2150 1593 2209 καὶ
1610 2174 1723 2231 στρατι-

108 2248 223 2319 πρᾶγμα
235 2238 308 2299 oilla
323 2239 394 2300 ἀλλὰ
407 2242 422 2297 ὁ
436 2239 522 2319 λόγος.
538 2236 573 2299 Ὁ
588 2237 616 2298 δί
629 2236 714 2316 λόγων
724 2238 774 2311 τὴν
785 2238 887 2319 ἡμέραν
942 2242 1018 2299 ωτιῦν
1031 2236 1178 2317 γενόμενος.

107 2328 191 2387 νύκτα
204 2318 272 2387 εἶναι
286 2329 331 2387 καὶ
352 2328 381 2388 πθ
394 2336 506 2406 πρᾶγμα
518 2327 613 2407 ψεῦδος
626 2327 681 2407 ἐρεῖ
690 2325 736 2387 καὶ
745 2326 789 2386 τὶν
801 2326 887 2406 λόγον.
984 2325 1034 2387 Li.
1057 2325 1131 2388 cod.
1151 2326 1241 2388 Marc.
1263 2329 1300 2400 37
1317 2329 1508 2404 :Atoapoiiarua
1530 2328 1557 2385 αἱ
1577 2326 1680 2405 μίθοδοι
1694 2330 1722 2386 αἱ

15 2423 16 2452 ³
148 2416 279 2476 xhvlll.
298 2416 371 2478 cod.
390 2416 480 2478 Marc.
497 2417 534 2474 32
551 2435 561 2474 ε
576 2417 753 2495 Διαιρεῖταιή
769 2414 834 2491 τιμὴ
852 2417 889 2483 είς
944 2415 980 2483 εὶς
991 2412 1026 2474 τὰ
1042 2412 1221 2495 προόλήματα
1232 2414 1268 2482 εἰς
1289 2411 1365 2496 τρία·
1382 2413 1432 2471 alni
1447 2412 1498 2492 γὰρ
1518 2414 1605 2474 αθτιῦν
1626 2418 1653 2475 αἱ
1674 2414 1723 2492 μίν

109 2505 180 2583 τρία·
192 2505 248 2565 ίστι
261 2505 313 2586 γὰρ
328 2508 410 2577 αὐτῆς
423 2505 452 2564 ἓν
466 2503 515 2582 μὲν
529 2506 566 2573 εἰς
577 2501 701 2585 θργυρίου
714 2503 807 2582 λόγον,
821 2503 849 2562 ἓν
861 2505 889 2563 δὲ
944 2498 1082 2582 κριτικαί,
1105 2503 1134 2559 αἱ
1158 2498 1185 2559 it
1200 2499 1376 2581 θεωρητικαί,
1399 2501 1428 2559 αἱ
1439 2500 1468 2560 δὲ
1491 2499 1633 2581 ἐριστικοί.
1669 2502 1724 2562 Καὶ

110 2595 147 2661 εἰς
159 2590 267 2653 θπαίνου
282 2592 375 2671 λόγον,
390 2592 419 2651 ἓν
436 2591 464 2653 δὶ
478 2595 515 2660 είς
522 2590 664 2675 θεραπείας
678 2590 746 2659 τινὸς
763 2590 808 2650 καὶ
826 2592 889 2650 ἐπι·
944 2587 1063 2669 κριτικαί
1078 2586 1127 2665 μίν
1142 2590 1206 2647 εἰσιν
1225 2578 1266 2656 αἷς
1282 2588 1312 2647 τὶ
1329 2585 1430 2668 βίλτιον
1445 2586 1491 2648 καὶ
1504 2586 1534 2647 ab
1553 2596 1642 2667 χεῖρον
1664 2588 1721 2647 δια·

111 2680 316 2758 μιλείαςλόγον.
329 2681 372 2742 Τὶι
388 2678 437 2759 μὲν
457 2670 502 2740 σύν
519 2682 557 2747 εὶς
576 2678 702 2761 ιίργυρίω
717 2678 795 2759 λόγον
818 2679 889 2738 ίστὶν
944 2676 1082 2756 κρίνομεν,
1107 2667 1159 2737 οἷον
1184 2676 1293 2756 πότερον
1326 2675 1430 2755 βέλτιον
1459 2674 1610 2749 δικαιοσύνη
1634 2674 1651 2747 ἢ
1677 2679 1725 2734 σίν-

110 2766 169 2836 είξία
185 2770 212 2827 ἐν
226 2768 323 2848 πρόσει
336 2768 384 2827 καὶ
392 2768 502 2843 ὠνήσει,
514 2758 567 2828 οἷον
581 2766 642 2837 ἀξία
653 2770 700 2839 τῆς
713 2768 793 2845 τιμῆς
803 2768 889 2848 φαμὲν
944 2764 1033 2845 δρεία·
1049 2764 1207 2843 θεωρητικαὶ
1221 2764 1248 2824 δὲ
1264 2754 1303 2831 αἷς
1317 2768 1465 2842 θεωροῦμεν
1483 2762 1513 2821 τὸ
1526 2767 1659 2837 τοιοῦτον,
1673 2754 1726 2823 οἷον

111 2848 188 2916 εἶναι·
203 2855 269 2915 etit
284 2858 320 2924 είς
330 2854 437 2915 ἐπαίνου
448 2855 526 2933 λόγον
540 2844 618 2929 ιίναι,
628 2845 682 2914 οἷον
694 2856 722 2913 αὶ
735 2856 831 2923 brai<
843 2855 890 2914 πό-
944 2852 1055 2932 πότιρσν
1080 2851 1174 2910 ταύτθν
1189 2850 1263 2919 νόσος
1285 2851 1355 2910 ἐστὶν
1377 2849 1452 2930 ύγείιρ
1476 2848 1522 2911 καὶ
1545 2848 1629 2931 εὐεξίᾳ
1648 2850 1725 2922 iod·

110 2946 165 3005 λισι
174 2943 251 3023 τιμαὶ
262 2943 295 3005 δι’
309 2942 379 3012 ίνίας
389 2943 494 3023 πράξιις
512 2943 649 3024 γινόμεναι
657 2942 704 3003 καὶ
714 2943 810 3024 δωρεαὶ
822 2943 889 3003 θιθό-
945 2937 1075 3019 ἐριστικαὶ
1088 2937 1115 2998 dl
1130 2929 1172 3006 αἷς
1185 2937 1243 3005 τοὺς
1257 2935 1331 3018 όρους
1346 2940 1514 3017 ἀναιροῦμεν,
1526 2926 1579 2995 οἷον
1592 2938 1640 2997 οθκ
1656 2940 1725 2999 ἔστιν

111 3057 196 3110 μεναι·
211 3031 284 3092 elii
300 3034 336 3101 είς
349 3032 489 3113 θεραπείας
504 3032 581 3110 λόγον
595 3033 641 3093 καὶ
655 3031 819 3109 ἐπιμελείας,
833 3022 889 3090 οἷον
948 3026 1032 3094 εὐεξία
1045 3026 1205 3102 σωμσίτωνὴ
1221 3023 1361 3107 κρατίστη.

112 3124 155 3181 τὸν
169 3121 226 3181 θεὸν
238 3124 357 3200 τιμῶμεν
372 3122 497 3201 θεραπείᾳ
515 3120 567 3181 τινὶ
581 3120 627 3180 καὶ
641 3119 779 3201 ίπιμελείερ
804 3119 890 3199 τινός,
986 3114 1050 3175 Lll.
1062 3113 1139 3176 Cod.
1152 3112 1242 3173 hiare.
1260 3114 1298 3171 38
1316 3112 1483 3192 ιΔιαιριῖται
1496 3117 1513 3184 ἡ
1527 3111 1598 3185 λύπη
1609 3116 1643 3181 εἰς
1657 3114 1726 3193 τρία·

15 3219 16 3222 ’
117 3209 162 3268 καὶ
174 3208 234 3278 τούς
250 3213 334 3290 γονεῖς
346 3209 374 3271 δὲ
392 3212 529 3287 τιμῶμεν,
550 3207 645 3287 ὁμοίως
664 3208 692 3268 di
710 3208 756 3268 καὶ
770 3208 805 3267 τθι
819 3207 889 3268 ἄλλα
945 3204 1003 3264 ἔστι
1016 3202 1068 3283 γὰρ
1081 3204 1162 3275 αὐτῆς
1176 3200 1204 3262 ἓν
1219 3202 1266 3279 μὶν
1288 3204 1315 3261 ἐν
1336 3192 1373 3269 οἷς
1393 3201 1522 3281 προσήκει
1540 3201 1585 3261 τὸν
1600 3202 1725 3282 φρόνιμον

112 3299 146 3357 τὰ
156 3299 200 3358 διὰ
213 3296 354 3379 θεραπείαν
367 3297 503 3377 γινόμενα.
946 3293 1103 3370 λνιιιῑσθαι,
1115 3288 1143 3348 ἓν
1155 3287 1181 3348 it
1190 3290 1234 3349 ἐπὶ
1247 3294 1301 3356 ταῖς
1310 3288 1456 3369 ἀλλοτρίαις
1466 3290 1573 3369 ἀγαθοῖς
1581 3290 1627 3349 καὶ
1638 3292 1727 3358 κακοῖς

114 3532 169 3569 τετε
181 3522 218 3569 σει
229 3532 304 3583 quum
317 3518 349 3567 ita
367 3532 395 3568 se
410 3518 483 3568 habel
493 3520 517 3569 et
528 3518 664 3579 sonaliter,
676 3516 742 3566 velut
757 3514 829 3565 deam
838 3527 893 3565 essa
947 3513 1080 3564 sanandum
1093 3496 1273 3561 observantiam
1282 3512 1307 3559 et
1320 3508 1427 3560 studium
1442 3508 1516 3559 deuna
1526 3510 1673 3561 honoramus
1685 3510 1726 3559 ob

111 3607 289 3657 immortalem:
303 3606 335 3655 ita
348 3606 412 3655 enim
425 3619 466 3656 res
482 3619 510 3655 se
526 3604 598 3655 habal
607 3608 632 3655 et
651 3617 700 3654 non
716 3602 794 3655 aliter.
807 3602 893 3654 Itinere
947 3600 1068 3651 serrantia
1079 3598 1182 3664 quadam
1193 3601 1217 3649 et
1229 3598 1324 3658 studio,
1336 3600 1361 3648 el
1372 3600 1482 3661 parentas
1494 3596 1641 3649 honoramus
1650 3599 1675 3647 et
1686 3610 1727 3647 σε·

112 3696 193 3741 antem
214 3693 261 3740 hon
274 3691 338 3752 qarod
357 3690 412 3741 diuo
427 3705 511 3742 rerum
527 3692 578 3753 eat,
597 3704 654 3754 pars
669 3694 708 3741 ast
726 3691 793 3751 varia
811 3704 893 3741 sermo
946 3693 997 3740 tera
1008 3702 1063 3754 quae
1075 3700 1116 3752 per
1126 3686 1302 3737 observantiam
1315 3686 1384 3735 irunt.

15 3775 16 3780 ’
111 3778 176 3829 enim
192 3790 231 3827 rsa
243 3779 281 3827 est
291 3789 347 3838 qum
360 3777 400 3825 isti
416 3778 522 3827 sermoni
534 3778 625 3828 sumat
639 3780 720 3835 ουυειι
737 3780 818 3829 autem
831 3777 892 3828 dioi-
976 3780 1061 3828 Xth.
1078 3775 1264 3839 Disciplinarum
1278 3774 1366 3823 divisio
1380 3772 1404 3823 in
1420 3774 1466 3823 tn'a
1487 3773 1514 3822 m
1529 3786 1630 3836 genera:
1644 3786 1726 3823 earum

112 3870 152 3915 lor
167 3864 278 3915 homines
286 3863 405 3915 animatos
416 3876 479 3925 ause,
490 3876 547 3913 oum
556 3876 638 3914 sermo
651 3876 724 3914 verua
733 3865 771 3915 est
780 3866 833 3914 lum
842 3876 890 3913 res.
946 3868 1009 3918 enim
1022 3865 1076 3917 alia
1094 3866 1222 3915 vomantur
1237 3863 1262 3913 in
1276 3861 1306 3912 iis
1316 3874 1371 3925 quae
1391 3861 1442 3911 sive
1456 3858 1592 3924 pulchriora
1610 3860 1661 3909 sive
1678 3872 1727 3909 me·

142 3955 240 4005 xuvtt.
260 3954 355 4003 iusum
366 3952 391 4002 in
404 3953 451 4002 tria
466 3950 582 4001 dividitur
600 3971 608 4001 ε
623 3953 698 4002 uirum
712 3952 775 4002 enin
785 3955 822 4002 est
838 3964 890 4001 rem
947 3954 1006 4004 liora
1013 3956 1078 4015 sunt,
1085 3952 1139 4002 stira
1146 3952 1171 4001 in
1182 3949 1315 4002 utilioribus
1326 3952 1351 3999 et
1362 3948 1439 4012 magis
1448 3946 1595 4012 urgentibus,
1607 3948 1660 3997 alia
1670 3960 1727 3997 aero

112 4042 197 4092 iaisam
217 4055 287 4105 essa,
307 4054 382 4091 unum
407 4054 558 4103 sermonem,
582 4053 657 4091 unum
681 4042 818 4104 utrumque.
843 4042 892 4090 iias
946 4039 973 4094 ia
989 4040 1254 4103 subtilioribuseiqum
1267 4034 1626 4100 magisaddemoustrationem
1639 4036 1725 4085 valent.

113 4132 173 4181 laisa
179 4136 217 4184 ast
225 4145 300 4196 qnam
311 4131 404 4182 annaio
413 4144 440 4182 aa
448 4130 521 4181 habat
529 4130 684 4194 utmmtur,
696 4129 791 4181 relntsi
803 4128 892 4181 εσθεασ
945 4128 972 4179 ln
986 4128 1127 4179 melioribus
1142 4131 1167 4178 et
1186 4124 1362 4191 pulchrioribus
1379 4126 1507 4175 versantur
1518 4135 1559 4174 ars
1572 4123 1684 4173 statuaria
1703 4127 1727 4172 et

114 4222 162 4269 stat
176 4220 228 4269 aire
245 4216 315 4269 albos
330 4218 456 4282 uigerent.
473 4218 646 4269 sarmoialsua
661 4221 699 4268 est
712 4232 788 4282 qnam
804 4216 891 4281 aliquis
945 4216 1086 4282 purpuraria
1107 4218 1131 4266 et
1153 4215 1232 4278 taies;
1251 4215 1277 4264 in
1298 4212 1435 4264 utilioribus
1452 4214 1478 4263 et
1496 4210 1572 4275 magis
1589 4209 1727 4273 urgentibus

113 4306 172 4356 dtoit
183 4319 268 4357 aarum
279 4318 415 4357 saumonem
426 4304 511 4355 laisum
522 4319 586 4370 εσσε,
599 4308 627 4357 nt
637 4306 678 4370 qui
688 4310 719 4357 de
729 4305 776 4356 deo
784 4304 841 4356 diolt
850 4302 891 4369 [nt
944 4303 1081 4356 utensilium
1094 4302 1224 4364 contactio,
1245 4301 1406 4352 architectura
1418 4302 1443 4351 et
1455 4298 1534 4364 θελοι,
1553 4298 1577 4349 in
1593 4297 1725 4349 subtiliori·

113 4394 155 4457 qui
168 4394 226 4445 dieit
233 4392 307 4444 deum
313 4393 390 4458 essa],
400 4406 456 4443 eum
466 4406 529 4454 asse,
540 4408 612 4458 quem
625 4393 645 4443 ai
654 4392 709 4458 quis
722 4392 787 4446 dieat
800 4406 891 4445 sermo·
944 4394 991 4443 bns
1003 4394 1028 4442 et
1040 4391 1114 4455 magia
1125 4390 1156 4441 ad
1168 4389 1396 4440 demonstrationem
1406 4376 1577 4447 tendentibus,
1594 4386 1727 4437 mathema.

113 4494 169 4530 ιιαιι
182 4481 268 4530 laisum
279 4493 346 4543 asse,
358 4492 439 4531 sermo
456 4480 531 4531 lalana
543 4482 580 4531 ast
594 4500 601 4532 2
620 4482 685 4531 nolta
701 4481 765 4532 enim
784 4482 817 4531 iiii
837 4494 889 4531 ser-
943 4482 997 4532 tinae
1008 4482 1073 4531 artes
1083 4482 1107 4531 ei
1124 4478 1282 4543 philosophia.
1324 4486 1325 4489 ’

112 4572 178 4622 moni
190 4574 274 4623 subest
294 4586 335 4623 rea
345 4572 388 4623 aad
402 4586 491 4624 semro.
506 4574 553 4632 Qui
569 4587 628 4625 vero
647 4574 706 4625 diu't
721 4574 785 4625 diem
797 4579 890 4624 noctem
974 4572 1004 4619 L.
1024 4568 1081 4618 Dua
1093 4567 1119 4618 ln
1138 4569 1189 4617 tres
1205 4564 1320 4615 dividitur
1334 4563 1424 4629 species
1442 4582 1449 4612 ε
1470 4565 1508 4615 ost
1524 4562 1588 4613 onan
1607 4562 1658 4613 aira
1674 4563 1727 4626 lega

111 4673 167 4711 assa
177 4667 203 4711 et
219 4674 270 4712 ram
282 4663 306 4712 al
316 4674 453 4713 aermonem
465 4661 552 4713 ialsom
561 4661 634 4713 dinei
944 4656 1010 4719 dna,
1026 4656 1078 4707 aire
1097 4657 1194 4719 propter
1208 4653 1338 4717 potentiam
1356 4650 1461 4715 aliquam
1479 4653 1504 4702 et
1520 4663 1601 4701 rernm
1617 4650 1723 4701 domina-

143 4750 254 4804 tibviii.
273 4752 337 4813 Τιμὴ
351 4751 445 4814 (pune
458 4752 574 4813 pretium
589 4754 614 4802 et
628 4750 727 4813 honor)
740 4750 765 4801 in
783 4750 829 4801 hia
851 4750 890 4800 di.
942 4742 1048 4805 ιὶοιιειιι,
1059 4740 1111 4792 sire
1129 4742 1227 4804 propter
1243 4739 1377 4789 seientiam.
1394 4741 1450 4788 Dux
1462 4738 1499 4787 est
1517 4738 1568 4801 laga
1589 4739 1616 4788 ut
1638 4737 1679 4800 qui
1700 4736 1725 4785 in

112 4833 218 4889 viditur:
231 4838 295 4888 atiud
317 4844 355 4889 εει
372 4852 447 4902 genas
459 4838 592 4890 maumam
611 4838 754 4904 pecuniam,
768 4839 833 4888 atiud
854 4852 892 4889 se·
943 4830 1044 4881 urbibus
1062 4829 1194 4893 elipantum
1216 4828 1313 4890 propter
1336 4826 1459 4877 apientiam
1481 4823 1523 4889 qui
1537 4820 1723 4888 'imperatoriam

111 4925 417 4989 condominam-‚aliud
433 4926 567 4978 seeundum
579 4926 756 4978 observantiam
770 4926 891 4990 quandam
944 4919 1021 4969 artem
1043 4916 1167 4981 possiden
1196 4918 1293 4980 propter
1318 4916 1447 4979 potentiam
1471 4914 1576 4977 aliquam
1599 4914 1624 4962 et
1645 4922 1724 4961 rarum

112 5020 137 5064 et
152 5014 268 5065 modium.
277 5015 414 5067 samarium
426 5015 551 5081 pecuniam
560 5018 618 5079 τιμὴ
632 5015 761 5080 (pretium)
775 5018 813 5065 ast
825 5014 890 5066 resti·
944 5006 1132 5058 dominationem
1145 5004 1187 5068 qui
1203 5004 1234 5053 ab
1246 5003 1325 5067 aliquo
1341 5002 1486 5053 oonathntus
1497 5004 1534 5051 est
1548 5000 1584 5049 rel
1597 5012 1639 5063 per
1649 4998 1727 5048 semet

112 5104 188 5154 matio
199 5102 224 5153 in
237 5103 362 5155 vendendo
376 5107 401 5155 et
411 5103 524 5166 amando,
533 5106 601 5157 aetat
613 5103 715 5156 θὶαίειιιιε
726 5102 814 5168 aliquid
837 5115 892 5167 pre·
945 5098 1026 5162 ipsum
1039 5096 1154 5148 dominus
1167 5108 1242 5161 opum
1254 5097 1278 5147 et
1292 5094 1396 5145 miiitum
1410 5094 1486 5143 laotos
1497 5092 1543 5148 est.

113 5192 148 5241 ‘5⁰
161 5191 259 5254 illim
278 5204 347 5253 δῦθι
365 5194 496 5245 mudum
504 5191 615 5255 tandem,
627 5191 731 5243 honoras
746 5190 787 5255 qni
799 5192 823 5241 in
839 5191 894 5241 oiri·
977 5187 1019 5237 Li.
1043 5182 1149 5237 hemodi
1161 5183 1191 5233 ad
1212 5182 1359 5247 problemata
1371 5180 1445 5231 trium
1456 5180 1513 5228 anni
1526 5188 1640 5240 generum
1653 5192 1659 5224 r
1671 5177 1727 5227 suat

114 5270 204 5328 tatibus¹
223 5276 367 5339 quibusdam
384 5278 452 5328 iactis
469 5280 584 5342 parantur
597 5279 622 5328 et
636 5276 699 5328 dona
710 5284 766 5341 qun
782 5276 892 5339 dantur;
947 5274 1012 5327 anim
1032 5274 1085 5325 sire
1106 5272 1212 5334 οτίιίσω,
1235 5270 1286 5322 sias
1308 5266 1461 5328 theoreticae,
1478 5265 1529 5314 sira
1552 5262 1724 5327 disputatoria.
