4017 5984
402 809 423 846 u
956 788 1171 846 l'llAEFATlO.

400 935 487 1009 tem,
503 919 634 1013 ingemi
647 919 752 1016 plane
773 916 895 990 labore
911 933 1021 1012 atque
1037 917 1219 1011 diligentia
1235 919 1434 992 conlectam
1452 923 1486 990 in
1502 923 1574 991 suis
1589 922 1722 993 chartis

400 1043 594 1139 reliquerat
618 1043 904 1128 ansemakerus,
927 1042 1091 1138 quaedam
1103 1043 1261 1114 suoloco
1280 1043 1513 1140 praefabimur
1530 1072 1537 1113 :
1559 1071 1656 1115 mmc
1676 1047 1722 1116 de

401 1171 475 1265 ipsa
494 1169 775 1264 fragmentorum
790 1165 947 1236 editione
966 1164 1140 1252 dicemus,
1161 1167 1196 1235 in
1226 1165 1358 1262 quibus
1387 1167 1594 1264 colligendis
1620 1169 1721 1239 illus·

400 1291 579 1360 trandisve
595 1291 729 1359 nullam
748 1291 852 1386 plane
870 1313 1016 1386 operam
1035 1305 1203 1386 posuerat
1219 1290 1273 1359 vir
1288 1265 1528 1360 doctissimus.

449 1413 710 1511 Reputantibus
731 1414 919 1484 nobissive
939 1415 1189 1485 auctoritatem
1210 1417 1320 1512 ipsius
1332 1418 1533 1488 Aristotelis
1553 1421 1626 1488 sive
1639 1443 1722 1515 per-

400 1558 567 1628 magnum
584 1534 864 1628 fragmentorum
880 1559 1071 1604 numerum
1086 1559 1166 1629 quae
1180 1559 1200 1604 e
1214 1534 1409 1632 deperditis
1423 1536 1501 1629 ejus
1513 1533 1614 1606 libris
1626 1537 1723 1634 apml

401 1659 517 1726 varios
540 1661 730 1754 scriptores
758 1656 915 1752 dispersa
939 1657 1124 1752 leguntur,
1148 1659 1270 1727 mirari
1290 1659 1453 1754 prolecto
1479 1658 1620 1740 liceret,
1642 1674 1724 1728 ante

401 1781 493 1850 hanc
515 1795 673 1850 nostram
689 1797 842 1862 aetatem,
861 1805 933 1849 non
954 1781 1127 1874 majorem
1146 1806 1270 1851 euram
1288 1779 1333 1850 ad
1347 1805 1386 1851 ea
1402 1781 1602 1878 colligenda
1615 1796 1723 1877 atque

400 1904 620 1998 explananda
641 1902 840 1974 adhibitam
862 1927 950 1989 esse,
968 1905 1034 1973 nisi
1050 1904 1219 1974 omuibus
1234 1903 1319 1973 satis
1332 1919 1460 1973 uotum
1477 1919 1581 1992 esset,
1599 1929 1722 2001 super-

400 2029 498 2098 stites
517 2052 662 2124 quoque
681 2027 888 2123 philosophi
909 2023 1033 2111 libros,
1059 2051 1125 2123 per
1143 2032 1301 2097 duorum
1320 2027 1392 2098 lere
1413 2028 1626 2098 saeculorum
1644 2053 1723 2125 spa·

397 2154 506 2238 tium,
516 2152 597 2247 plus
606 2150 705 2244 justo
719 2149 898 2246 neglectos
910 2148 1007 2244 apud
1020 2147 1224 2244 philologos
1237 2149 1403 2242 jacuisse.
1421 2153 1616 2246 Postquam
1628 2151 1723 2220 enim

402 2275 518 2369 primo
537 2288 619 2368 post
639 2287 780 2342 renatas
800 2271 917 2341 literas
936 2271 1079 2352 saeculo,
1111 2271 1296 2342 Aristotele
1315 2271 1396 2366 plus
1421 2297 1536 2374 quam·
1552 2273 1724 2344 semibar-

401 2395 489 2464 haro
500 2393 793 2465 scholasticorum
806 2393 966 2490 expulso,
981 2394 1105 2463 veriet
1119 2394 1277 2487 germani
1286 2393 1494 2491 philosophi
1507 2397 1635 2493 scripta
1651 2401 1724 2468 sive

402 2544 512 2613 graece
528 2522 600 2588 sive
618 2519 653 2587 in
676 2518 827 2587 latinum
839 2517 913 2611 jam
927 2540 1129 2587 sermonem
1142 2540 1314 2588 conversa
1328 2517 1385 2588 edi
1399 2535 1601 2616 coeperunt,
1621 2521 1724 2592 multi

402 2643 447 2712 de
466 2641 520 2712 his
538 2641 664 2711 studiis
694 2641 829 2735 egregie
859 2663 1042 2727 meruere,
1063 2643 1157 2709 iuter
1181 2664 1273 2735 quos
1299 2641 1478 2738 praecipue
1495 2642 1723 2714 Theodorum

402 2775 549 2854 Gazam,
570 2765 826 2849 Bessarionem,
847 2768 990 2832 Petrum
1003 2763 1201 2834 Victoriam
1224 2787 1438 2834 memorasse
1454 2765 1618 2836 sufficiet.
1644 2769 1725 2835 Mox

300 2984 302 2990 Ι
404 2904 522 2959 tamen
537 2889 596 2958 hic
613 2887 720 2959 ardor
738 2883 931 2972 deferbuit,
953 2909 1072 2982 neque
1093 2885 1266 2956 antehoc
1291 2900 1455 2961 nostrum
1476 2887 1646 2959 saeculum
1667 2913 1725 2960 re·

401 3012 599 3107 dintegrata
633 3027 686 3082 est
713 3009 810 3106 apud
835 3009 1040 3105 philologos
1076 3008 1253 3079 librorum
1282 2963 1575 3081 Aristolieleorum
1602 3011 1722 3082 lectio.

404 3137 489 3206 lude
509 3135 642 3204 factum
662 3149 726 3220 est,
753 3147 805 3220 ut,
830 3133 911 3201 lieet
932 3132 1151 3201 laetissimum
1178 3148 1396 3227 proventum
1419 3133 1724 3205 Aristotelicorum

402 3260 479 3330 haec
494 3273 615 3329 nostra
635 3273 718 3328 aetas
745 3256 904 3354 attulerit
919 3257 1016 3352 (post
1038 3256 1202 3328 Buhlium
1221 3258 1317 3327 enim
1339 3273 1374 3328 et
1400 3262 1444 3327 G.
1466 3259 1725 3332 Schneiderum

404 3387 577 3453 Saxonem
591 3378 801 3452 nominandi
817 3395 900 3450 suut
914 3379 1072 3468 BrnndiS,
1086 3385 1115 3451 l.
1134 3381 1282 3466 Bekker,
1296 3381 1602 3479 Trendelenburg,
1617 3387 1726 3480 Spen-

405 3506 472 3602 gel,
487 3507 623 3596 Bonita,
634 3505 785 3590 Thurot,
800 3510 956 3591 Rassow,
972 3505 1121 3592 Vahlen,
1135 3505 1343 3600 Torstrick),
1359 3505 1457 3576 haud
1471 3531 1593 3603 paucae
1607 3506 1726 3578 adhuc

406 3644 538 3700 restent
553 3629 766 3726 quaestiones
779 3625 823 3697 de
843 3627 1062 3725 philosopho
1081 3627 1231 3724 ejusque
1251 3630 1392 3724 scriptis
1406 3653 1485 3723 quae
1503 3629 1665 3699 nondum
1681 3631 1726 3699 ad

405 3753 581 3847 liquidum
598 3750 778 3848 perductae
798 3751 880 3820 sint.
903 3756 1026 3846 Neque
1045 3752 1116 3820 hoc
1137 3753 1267 3820 mirum
1286 3765 1352 3837 est,
1372 3775 1486 3846 quum
1502 3752 1643 3822 tot'sint
1666 3778 1742 3833 su„

409 3877 569 3974 perstites
585 3873 757 3969 Stagiritae
789 3872 891 3960 libri,
924 3879 986 3969 qui
1018 3899 1164 3944 manum
1195 3873 1472 3944 emendatricem
1507 3892 1724 3970 exspectent,

406 4001 597 4097 plerosque
610 3999 707 4070 viros
721 3998 860 4087 doctos,
876 4000 938 4093 qui
953 4001 989 4066 in
1006 3997 1061 4068 his
1074 3999 1201 4070 studiis
1214 4013 1342 4082 castra,
1359 4013 1400 4068 ut
1415 4001 1463 4069 ita
1480 4000 1610 4086 dicam,
1629 3999 1725 4068 loca-

319 4205 321 4210 ,
406 4138 549 4209 verunt,
565 4121 684 4191 inillis
702 4119 848 4190 edendis
861 4121 1158 4216 recensendisque
1172 4136 1382 4216 occupatos,
1399 4121 1444 4192 de
1457 4121 1726 4218 deperditorum

406 4245 581 4316 librorum
605 4245 765 4340 reliquiis
788 4247 906 4314 minus
926 4243 1094 4315 sollicitos
1119 4244 1238 4315 luisse.
1259 4251 1301 4313 At
1321 4247 1349 4314 si
1369 4245 1467 4316 utilis
1485 4261 1538 4316 est
1562 4243 1725 4314 universa

407 4367 587 4463 diligentia
605 4391 684 4462 quae
699 4367 734 4434 in
753 4366 1011 4463 componendis
1030 4382 1065 4437 et
1085 4365 1336 4438 coordinandis
1351 4365 1621 4465 deperditorum
1639 4391 1725 4462 ope-

408 4517 489 4562 rum
519 4492 679 4586 reliquiis
703 4507 877 4578 versatur,
903 4491 1043 4560 uullum
1068 4515 1144 4560 esse
1171 4491 1332 4587 prolecto
1354 4492 1389 4562 in
1411 4503 1486 4559 tota
1515 4486 1726 4583 antiquitate

409 4616 633 4712 scriptorem,
658 4613 704 4683 ad
726 4614 829 4707 cujus
855 4628 1056 4683 accuratam
1084 4615 1333 4711 sinceramque
1361 4613 1528 4684 notitiam
1546 4611 1656 4704 magis
1670 4635 1727 4680 re-

410 4737 511 4826 lerat,
526 4761 636 4834 (luam
655 4738 894 4822 Aristotelem,
914 4733 1094 4802 aslirmare
1131 4730 1277 4804 minime
1290 4735 1430 4808 dubito.
1462 4741 1586 4830 Neque
1610 4731 1725 4802 solum

411 4861 471 4934 bic
498 4862 627 4957 loquor
649 4860 693 4930 de
716 4861 912 4934 incredibili
939 4883 1040 4954 paene
1067 4857 1292 4930 voluminum
1325 4883 1478 4930 numero
1503 4881 1583 4952 quae
1610 4855 1656 4963 ab
1683 4879 1727 4924 eo
