4017 5984
829 815 1046 872 PRAEFATlO.
1584 836 1601 868 v

163 973 165 978 ’
281 947 487 1043 fragmenta
505 945 588 1016 coll.
614 945 665 1016 ill.
689 950 766 1016 Van
783 945 879 1040 Dijk,
896 945 1038 1040 Ultraj.,
1063 946 1164 1034 1845,
1181 945 1231 1014 ita
1247 944 1360 1015 edidit
1372 951 1411 1016 C.
1432 944 1601 1015 Mullorus

281 1067 317 1137 in
331 1070 586 1140 Historicorum
597 1092 793 1168 groecorum
804 1066 1031 1167 fragmentis,
1050 1083 1078 1139 t.
1095 1073 1141 1157 ll,
1161 1091 1242 1165 quae
1253 1067 1362 1162 hujus
1374 1066 1601 1139 Bibliothecae

280 1215 363 1287 pars
381 1206 479 1280 sunt,
500 1206 542 1263 ut
561 1191 652 1263 nihil
676 1193 751 1264 sere
779 1191 858 1278 aliis
875 1191 1055 1288 agendum
1077 1191 1284 1289 reliquerit,
1309 1193 1505 1287 praesertim
1518 1204 1602 1288 post

278 1337 322 1384 ea
350 1339 430 1411 quae
458 1315 638 1414 supplevit
669 1320 853 1407 Bournot,
889 1315 1119 1414 Philologus,
1148 1330 1174 1386 t.
1200 1320 1267 1402 IV,
1298 1315 1334 1385 in
1361 1313 1420 1385 his
1447 1314 1598 1399 felicior,

279 1461 359 1508 mea
378 1438 525 1535 quidem
548 1441 736 1531 sententia,
756 1464 866 1535 quarn
887 1440 923 1509 in
949 1439 991 1510 iis
1012 1438 1059 1510 de
1084 1438 1218 1534 quibus
1230 1437 1326 1509 idem
1351 1437 1547 1535 disputavit
1563 1444 1599 1507 iu

278 1557 524 1632 dissertatione
556 1561 757 1660 inscripta:
787 1562 975 1634 Platonica
1002 1561 1204 1632 Aristotelis
1229 1561 1420 1657 opuscula,
1447 1559 1598 1644 PutbuS,

284 1681 386 1754 1853.

328 1809 423 1896 llaec,
437 1807 466 1878 si
476 1808 629 1904 excipias
642 1807 775 1904 leviora
792 1807 966 1878 nonnulla
981 1822 1019 1878 et
1031 1807 1067 1876 in
1078 1822 1286 1877 transcursu
1300 1809 1402 1904 quasi
1416 1807 1525 1895 dicta,
1544 1806 1601 1877 vel

279 1953 360 2024 que*
384 1930 525 2001 silentio
552 1931 734 2028 praeterire
758 1944 926 2027 praestat,
950 1930 1055 2000 sicuti
1082 1953 1201 2025 quaea
1223 1931 1334 2000 Titzio
1363 1930 1601 2000 infelicissime

279 2053 455 2122 somniate
477 2067 562 2123 sunt
586 2053 622 2123 in
650 2051 772 2123 libello
797 2058 881 2123 :De
901 2053 1106 2123 Aristotelis
1127 2078 1271 2148 opernm
1297 2055 1387 2122 serie
1401 2068 1437 2122 et
1452 2052 1601 2122 distinc-

279 2178 388 2264 tione,
407 2176 544 2276 Lipsiae,
566 2177 671 2267 1826,
686 2179 810 2248 omnia
829 2177 902 2250 lere
921 2192 1007 2249 sunt
1021 2200 1102 2274 quae
1120 2177 1166 2249 de
1187 2178 1386 2250 Aristotelis
1405 2176 1601 2276 deperditis

279 2296 378 2369 libris
395 2300 515 2370 aviris
532 2298 648 2372 doctis
660 2298 845 2398 disputata
864 2315 981 2390 erant,
1001 2316 1196 2398 antequam
1216 2302 1313 2372 Rosii
1326 2302 1491 2373 collectio
1505 2299 1600 2371 edita

278 2438 381 2494 esset.
404 2427 457 2494 De
475 2448 546 2521 qua
562 2423 652 2520 quid
674 2425 827 2497 sentiam
848 2425 919 2497 alio
939 2424 1021 2496 loco
1037 2425 1231 2529 significavi
1254 2442 1364 2521 atque
1385 2428 1421 2497 in
1443 2425 1512 2496 hac
1525 2427 1601 2522 ipsa

277 2544 434 2620 editione
459 2548 586 2648 saepius
613 2547 741 2619 dicam.
767 2549 842 2619 Etsi
866 2565 984 2620 cetera
1018 2550 1140 2620 omnia
1178 2549 1408 2637 satisfaciant,
1436 2547 1601 2620 doctrina

278 2694 432 2758 summa,
460 2669 644 2768 multiplex
668 2671 789 2761 lectio,
817 2694 970 2743 acumen
994 2673 1139 2768 ingenii,
1155 2696 1228 2742 non
1246 2669 1344 2742 solus
1359 2695 1440 2741 sum
1454 2671 1519 2767 qui
1537 2670 1601 2740 do·

278 2789 371 2862 leam
393 2792 502 2862 talem
521 2791 618 2863 hunc
643 2799 775 2882 virum,
801 2796 929 2890 saepius
948 2795 1125 2864 notissimi
1154 2785 1249 2864 illius
1278 2793 1422 2890 quoda
1446 2792 1600 2864 Pindaro

279 2909 509 2984 dictumest:
532 2918 584 2993 Μὴ
611 2921 672 3004 ὅλῳ
695 2928 739 3004 τῷ
757 2919 877 3006 θυλάκῳ
901 2915 1149 2986 immemorem
1174 2915 1302 3001 fuisse,
1336 2913 1451 2984 multo
1480 2928 1601 2984 autem

279 3036 390 3129 magis
408 3034 477 3107 hac
491 3037 662 3133 opinione
678 3037 746 3108 sibi
758 3052 916 3110 mentem
932 3036 1115 3128 imbuisse,
1127 3060 1237 3134 quam
1253 3061 1381 3108 vereor
1397 3051 1439 3108 ut
1456 3037 1601 3108 cuidam

279 3160 508 3256 persuaserit,
522 3160 606 3231 licet
635 3185 716 3231 eam
741 3161 817 3256 jam
845 3161 1016 3232 antesin
1045 3159 1138 3231 libro
1152 3159 1197 3229 de
1211 3160 1409 3232 Aristotelis
1437 3160 1601 3232 librorum

278 3280 403 3351 ordine
425 3297 461 3352 et
483 3284 706 3370 anctoritate,
732 3283 863 3374 Berol.,
887 3281 992 3372 1854,
1013 3307 1155 3354 summa
1172 3283 1370 3380 pervicacia
1386 3282 1599 3375 detenderit,

283 3403 417 3502 scilicet
431 3429 658 3502 quecunque
670 3403 739 3476 sub
761 3405 958 3479 Aristotelis
969 3407 1117 3478 nomine
1137 3421 1274 3478 servata
1294 3406 1365 3477 sint
1383 3405 1599 3502 fragmenta,

281 3549 322 3596 ea
343 3525 390 3597 ad
414 3551 526 3597 unum
546 3529 669 3598 omnia
690 3527 840 3599 falsariis
855 3529 975 3600 nescio
999 3527 1134 3625 quibus
1159 3526 1294 3600 deberi,
1315 3533 1398 3614 Quo
1419 3527 1492 3597 iere
1509 3543 1600 3599 tem-

279 3672 368 3744 pore
387 3646 483 3720 edita
501 3664 556 3719 est
584 3650 681 3720 Rosii
700 3649 879 3741 collectio,
903 3653 1137 3747 quaestionem
1163 3651 1209 3722 de
1238 3649 1435 3721 Aristotelis
1455 3648 1603 3744 dialogis

280 3772 417 3865 egregie
434 3769 624 3841 illustravit
638 3776 670 3842 J.
689 3777 854 3869 Bernays,
872 3771 931 3844 die
952 3775 1103 3871 Dialoge
1117 3772 1180 3844 des
1196 3773 1416 3855 Aristoteles,
1434 3776 1473 3844 in
1492 3776 1602 3845 ihrem

283 3892 506 3964 Vei-tatinus
531 3921 574 3964 zu
598 3899 719 3966 seinen
746 3895 893 3994 &brigen
923 3897 1088 3987 Werlsen,
1111 3897 1239 3985 Berlin,
1271 3895 1376 3968 1863.
1401 3897 1515 3991 Hujus
1537 3899 1603 3970 viri

281 4028 458 4108 quantum
471 4013 516 4084 sit
529 4039 680 4088 acumen
691 4018 728 4088 in
741 4017 939 4088 enodandis
953 4017 1172 4090 difficillimis
1182 4018 1450 4115 quaestionibus,
1467 4036 1603 4116 quanta

282 4135 429 4208 felicitas
442 4138 479 4207 in
498 4135 706 4234 indagandis
723 4155 760 4211 et
777 4141 1057 4241 pervestigandis
1070 4142 1340 4240 deperditorum
1355 4143 1531 4215 librorum
1545 4171 1602 4217 re·

280 4260 414 4356 liquiis,
429 4285 502 4334 non
517 4285 610 4358 opus
620 4278 672 4334 est
682 4278 723 4335 ut
733 4264 897 4361 pluribus
908 4289 1103 4362 persequar
1112 4267 1265 4364 satisque
1275 4268 1471 4339 ostendunt
1484 4283 1602 4342 cetera

281 4409 360 4480 quae
378 4382 423 4455 de
442 4385 628 4457 Aristotele
642 4390 852 4486 conscripsit
868 4391 941 4459 sive
956 4391 991 4460 in
1013 4389 1140 4462 Biein.
1163 4397 1321 4461 Mnseum
1336 4418 1372 4462 n.
1389 4399 1446 4478 F,
1463 4407 1489 4462 t.
1510 4397 1600 4484 VIll,

281 4531 318 4602 p.
348 4505 413 4577 561
439 4532 448 4576 ε
473 4499 690 4612 sigonium
709 4537 752 4580 sn
768 4511 984 4582 Aristoteles’
1005 4512 1146 4600 Poetii,
1175 4513 1250 4583 sive
1268 4514 1304 4583 in
1322 4513 1570 4587 dissertatione
1590 4543 1598 4582 ε

283 4629 787 4728 Grundzri'gederverloreoen
795 4634 1108 4732 Abhondlnugdes
1120 4636 1323 4708 Aristoteles
1331 4637 1604 4738 ‹therWi'rtung

279 4752 344 4822 der
360 4754 543 4853 Trogodie,
567 4757 723 4847 Breslau,
745 4757 848 4855 1857.

329 4874 398 4948 Sed
417 4875 463 4948 de
479 4878 555 4949 aliis
574 4882 658 4950 satis
673 4879 747 4975 jam
773 4881 969 4956 dictasunt
991 4909 998 4952 :
1021 4908 1119 4956 nunc
1132 4909 1329 4980 quamnam
1350 4885 1417 4982 ipsi
1436 4885 1472 4958 iu
1495 4885 1602 4959 eden·
