4017 5984
254 465 292 526 52
803 467 1049 528 Atttst'otsstts
1070 469 1316 530 FRAGMENTA.

253 597 307 656 τίον
324 595 393 656 ἀλλά
412 596 532 677 στέρησις
547 599 674 680 ἀόριστος·
687 599 733 658 καί
745 602 779 679 τῇ
791 602 864 678 ψυχῇ
880 600 902 658 δ’
917 603 953 666 ὡς
964 599 1027 659 sidet
1082 601 1263 679 δειλήλεγαται
1285 600 1313 660 it
1333 602 1469 681 πολλαχοῦ
1483 603 1529 662 καὶ
1541 603 1587 662 ὑπ’
1600 603 1790 687 Ἀριστοτέλους
1809 631 1855 667 ααι

252 684 302 744 τινὶ
326 684 391 766 οὔσῃ
403 683 459 748 ίσει
473 709 499 744 τι
521 686 696 764 ἀντικείμενον
713 685 843 766 ἀόριστον.
865 687 919 746 Καὶ
933 684 1025 768 ὑίσπερ
1080 688 1284 758 triniatim«.
1295 686 1538 771 Καίγάρότιτδμδν
1549 694 1651 772 πρῶτον
1663 698 1708 752 τοῦ
1723 695 1854 773 σώματος,

253 775 307 834 διιεῖ
320 775 406 856 ραμίν
420 771 469 846 τήν
481 773 581 834 τοιόνδε
597 773 722 855 ἁρμονίαν
736 773 910 850 μεταόσίλλειν
926 777 963 843 είς
976 776 1024 849 τήν
1079 776 1211 837 τουτέστιν
1223 781 1242 850 ἡ
1256 776 1346 860 ψυχή,
1368 777 1480 859 ἁρμονία
1503 777 1531 837 δί
1549 777 1656 860 ίίατερον
1665 826 1674 855 ,
1696 783 1741 842 καί
1765 781 1805 841 δτι
1826 784 1855 842 τό

254 861 450 943 ἀναρμοστίαν,
465 860 533 921 οὑτω
551 861 597 921 καί
618 861 666 933 τήν
680 861 782 922 τοιόνδε
804 862 926 944 στέρησιν
944 886 1027 942 μετα-
1079 863 1128 942 μίν
1153 865 1230 947 ἄρχει
1251 866 1298 927 καί
1321 867 1459 926 ἀποστατεῖ
1477 870 1515 947 τῷ
1536 867 1643 944 αόιματε
1668 871 1713 929 καί
1739 872 1854 951 μα’χιταε

252 949 357 1010 δόλλεεν
375 949 412 1016 είς
424 947 523 1030 ψυχήν.
535 951 650 1030 Διοτίμᾳ
666 949 702 1008 δέ·
715 975 729 1004 ε
747 948 922 1030 ιῇὰρμονίρ.
943 951 1023 1030 ρησί,
1079 952 1219 1028 πολλιίιιις,
1232 954 1346 1036 ἁρμονία
1361 953 1390 1016 δέ
1404 955 1434 1014 οὐ
1450 955 1566 1035 μα’χεται
1586 961 1641 1024 τοῖς
1662 961 1852 1038 ἡρμοσμένοις,

250 1043 296 1098 τοῦ
309 1038 435 1116 σώματος
455 1037 568 1100 ἐναντίον
591 1039 660 1096 loris
686 1042 702 1110 ἡ
726 1037 888 1119 ἀναρμοστία
904 1042 948 1097 τοὺ
970 1037 1024 1097 σόν·
1077 1042 1122 1101 καὶ
1131 1041 1170 1101 δτι
1180 1042 1210 1100 τδ
1220 1045 1319 1118 μᾶλλον
1331 1043 1376 1102 καὶ
1384 1034 1463 1115 ήττον
1472 1042 1585 1120 ἁρμονία
1594 1044 1642 1122 μίν
1654 1046 1770 1126 δίχιται,
1782 1047 1854 1127 ψυχὴ

179 1127 189 1152 ⁶
251 1151 347 1204 ματος,
364 1125 529 1208 ἀναρμοστία
549 1127 577 1188 δί
600 1131 644 1186 τοῦ
668 1125 786 1207 έμύρύχου
808 1125 930 1204 σώματος
951 1127 1025 1194 νόσος
1079 1129 1105 1188 it
1121 1129 1166 1203 mi,
1190 1130 1237 1190 καί
1258 1134 1293 1198 ὡς
1310 1130 1423 1212 ἁρμονία
1438 1129 1486 1206 μίν
1509 1131 1644 1209 σωζομένη
1666 1135 1696 1192 οὐ
1718 1135 1855 1215 προσίεται

249 1215 293 1274 καὶ
309 1215 429 1276 ἀσθένεια
445 1215 491 1276 mi
509 1205 611 1296 αἶσχος·
628 1206 664 1274 διν
681 1215 708 1273 τό
728 1214 775 1292 μέν
791 1214 958 1294 ἀσυμμετρία
972 1216 1024 1272 τῶν
1077 1218 1269 1297 ἀναρμοστίαν,
1279 1221 1352 1302 ψεχὴ
1362 1218 1389 1278 δὲ
1400 1217 1495 1278 κακίαν
1504 1220 1657 1299 προσίεται,
1671 1220 1717 1280 καὶ
1726 1221 1767 1281 ότι
1776 1222 1855 1302 ,είπερ

248 1305 384 1384 στοιχείων
395 1308 412 1378 ἡ
425 1304 511 1378 νόσος,
526 1303 556 1363 τδ
571 1304 598 1363 δί
612 1308 663 1364 τῶν
678 1307 840 1386 ὁμοιομερῶν
856 1307 873 1376 ἡ
890 1303 1024 1380 ἀσθένεια,
1078 1311 1124 1365 τοῦ
1138 1305 1261 1383 σώματος
1274 1312 1292 1379 ἡ
1314 1306 1480 1386 ἀναρμοστία
1495 1307 1570 1375 νόσος
1590 1309 1660 1368 ictis
1685 1307 1702 1379 ἢ
1725 1299 1817 1389 αἶσχος
1837 1310 1855 1381 ἥ

248 1393 278 1454 τό
299 1393 325 1454 δὲ
337 1397 389 1452 τῶν
410 1393 555 1474 ὀργανικῶν
570 1392 599 1452 τὸ
623 1383 722 1473 αἶσχος·
739 1395 772 1454 Ei
793 1390 878 1452 τοίνυν
899 1395 916 1464 ό,
942 1395 1023 1472 ἀναρ-
1078 1394 1245 1468 ἀσύίνιια,ή
1268 1395 1381 1476 ἁρμονία
1394 1400 1441 1456 τοὺ
1452 1394 1574 1472 σώματος
1591 1396 1686 1464 καλλος
1699 1397 1733 1455 ἂν
1747 1399 1788 1470 ιίη
1809 1397 1855 1458 καί

252 1479 347 1552 stulti
361 1483 433 1542 νόσος
465 1479 696 1544 saltationum
710 1471 816 1560 αἶσχος,
833 1478 973 1560 ἠὰρμονία
986 1483 1037 1557 ἄρα
1077 1481 1162 1559 ὑγίεια
1172 1484 1218 1543 καὶ
1233 1483 1354 1564 δύναμις,
1367 1483 1468 1545 ἀλλὀὐ
1481 1483 1565 1564 Ιήνιιχή.
1579 1486 1673 1544 Ταῦτα
1686 1484 1735 1564 μέν
1748 1485 1855 1546 ἅπαντα

249 1568 322 1646 ὑγεία
335 1569 380 1628 καί
394 1566 469 1649 ίσχὺς
479 1569 525 1628 καί
538 1569 642 1638 κᾶλλος.
653 1569 739 1650 Ψυχή
763 1570 790 1630 δὲ
804 1568 875 1630 οὐδέν
890 1570 945 1630 lost
959 1568 1025 1628 τοὺ·
1076 1570 1180 1650 ιίρηταε
1190 1570 1240 1631 ὑπδ
1249 1575 1302 1631 τῶν
1310 1569 1455 1653 ριλοσόροιν
1472 1576 1499 1634 έν
1514 1573 1603 1638 α’λλοις
1615 1571 1651 1653 (tt
1664 1572 1786 1634 Platone
1798 1575 1854 1634 sci·

247 1679 315 1728 των,
329 1653 387 1716 οὔτε
404 1656 478 1734 ὑγεία
493 1657 561 1736 ρημί
574 1655 633 1716 οὔτε
644 1657 720 1738 ίοχὺς
739 1655 799 1716 οὔτε
814 1656 918 1723 κίλλος·
935 1656 1024 1738 ψυχήν
1077 1660 1145 1718 licet
1154 1661 1185 1719 in
1199 1660 1357 1732 Phaedone,
1366 1659 1403 1719 ab
1415 1659 1573 1720 Aristotele
1580 1680 1652 1720 vero
1663 1661 1694 1720 itt
1704 1661 1854 1742 Eudetuoj·

247 1733 364 1823 γάριίχε
377 1742 1022 1824 καίδΘερσίτηςαίσχεστοςόιν.Οόιιάραέστίνὴ
1076 1744 1138 1804 δδί
1151 1749 1197 1804 νῦν
1218 1744 1398 1826 Ἀριστοτέλης
1420 1745 1500 1826 φησὶ,
1526 1745 1635 1806 τοιαύτιί
1656 1748 1727 1806 ἐστιν
1811 1749 1854 1808 lb.

247 1831 319 1912 ψυχὴ
333 1831 459 1912 ἁρμονία,
474 1834 548 1893 »Καὶ
560 1838 644 1898 ταῦτα
655 1833 702 1911 μέν
713 1837 739 1893 όν
750 1831 864 1898 ἐκείνοις·
875 1834 985 1891 ἐνταῦθα
995 1833 1023 1891 δέ
1077 1855 1107 1914 p.
1125 1837 1174 1906 46,
1194 1837 1228 1892 13
1243 1835 1350 1914 Speng.
1366 1829 1453 1895 ι”Οτι
1471 1835 1520 1913 μίν
1542 1825 1585 1894 οὑν
1600 1836 1624 1893 ol
1637 1833 1755 1913 λέγονται
1768 1837 1855 1917 ἁρμο-

246 1920 373 2001 τέσσαρσε
384 1920 513 2000 κέχρηται
523 1921 716 2001 έπεχιιρήστσιν
730 1922 964 1987 ἀνασκιυσστιιιαῖς
976 1925 1023 1993 τῆς
1075 1922 1132 1982 νίαν
1141 1922 1189 1994 τὴν
1203 1922 1290 2004 ψυχήν
1300 1921 1360 1983 οὐτε
1374 1921 1450 2000 ἐγγὺς
1462 1921 1528 1998 δγαν
1541 1967 1549 1994 ,
1561 1921 1620 1981 οὗτε
1631 1923 1722 2003 πόρρω
1734 1927 1782 1995 τῆς
1794 1925 1857 1998 ἀλη-

247 2009 320 2080 δόζης
340 2008 454 2082 ταύτης,
478 1999 514 2068 ιῖιν
530 2008 559 2068 τό
572 2008 659 2090 τρίτον
673 2011 729 2070 ἐστὶ
744 2009 774 2068 τό
788 2007 924 2088 εἰρημένον
939 2011 965 2068 έν
983 2013 1022 2089 τῷ
1075 2012 1145 2077 ὑείας
1156 2011 1264 2090 βάλλειν
1276 2010 1309 2068 ἀν
1323 2009 1430 2088 δόξειεν,
1443 2009 1489 2068 καί
1503 2011 1596 2069 διττῶν
1612 2009 1753 2091 εἰρημένων
1764 2013 1808 2073 καὶ
1826 2017 1856 2072 ἐκ

249 2095 363 2178 Εὐδήμῳ
378 2098 497 2178 διότιρον
559 2098 603 2158 td.
618 2099 669 2160 sol.
686 2098 719 2172 Ε,
739 2120 756 2155 a
772 2113 851 2157 rccto
866 2098 916 2174 iad
933 2097 1023 2156 verba
1076 2101 1127 2157 τῶν
1141 2099 1167 2156 ἐν
1183 2099 1271 2166 ἄλλοις
1284 2097 1362 2168 δῖλόν
1374 2099 1455 2159 ἐστιν.

247 2185 425 2256 ¹Aristotelis,
441 2185 477 2244 de
492 2186 636 2258 Animal,
656 2208 683 2248 c.
696 2195 725 2258 i,
739 2187 755 2262 s
771 2193 787 2253 i
806 2207 813 2242 :
829 2211 841 2238 ι
862 2182 980 2263 Ἁρμόζει
994 2186 1022 2244 δὲ
1115 2186 1238 2246 Eudemi
1251 2185 1375 2244 adhunc
1388 2186 1485 2244 locum
1499 2184 1665 2244 Aristotelis
1675 2188 1852 2246 mentionem

247 2275 347 2350 μᾶλλον
368 2275 428 2332 καθ’
451 2273 549 2350 ὑγιείας
569 2271 653 2350 λέγειν
675 2273 803 2351 ἁρμονίαν
818 2273 863 2332 καί
883 2271 950 2338 δλως
969 2276 1022 2332 τῶν
1077 2273 1145 2331 lecit
1158 2293 1276 2352 quoque
1288 2272 1452 2351 Sophonias
1464 2271 1496 2329 itt
1510 2269 1703 2348 Paraphrttsi‚
1719 2271 1853 2333 laudatus

245 2364 403 2436 σωματικῶν
417 2360 548 2440 ἀρετῶνῆ
570 2360 640 2420 xcii
660 2363 746 2442 ψυχῆς
757 2363 812 2438 ν);
829 2363 915 2422 Τοῦτο
936 2360 1023 2438 τρίτον
1075 2381 1092 2420 a
1114 2360 1140 2418 Τ
1141 2360 1404 2436 sendelenburgio‚
1428 2359 1459 2418 in
1476 2370 1631 2418 comment.
1648 2358 1685 2418 sd
1707 2360 1795 2421 Arist.
1818 2362 1855 2420 de

245 2449 414 2529 ἐπιχείρημα·
428 2447 484 2508 ίστι
498 2448 526 2508 δὲ
540 2448 571 2508 τδ
583 2448 702 2529 δεύτερον
719 2452 770 2509 τῶν
787 2451 812 2508 έν
834 2453 872 2528 τῷ
892 2449 1020 2530 Εὐδήμῳ.
1076 2452 1180 2510 Anima
1196 2472 1224 2530 p.
1239 2451 1308 2522 265,
1322 2449 1468 2525 Georgius
1489 2447 1698 2524 Pachymcres,
1713 2447 1852 2508 Philoso-

242 2534 307 2596 Ὀτι
322 2538 349 2598 ii
370 2536 514 2617 ἁρμονίαή
538 2537 622 2614 ὑγίεια
637 2535 729 2606 ἔδειξαν
754 2538 781 2596 ἀν
793 2535 898 2603 ἰκτίνοις
924 2537 1021 2598 διττοῦ
1076 2540 1153 2618 phiae
1173 2542 1193 2602 l.
1210 2540 1273 2613 vlt,
1296 2560 1323 2612 ι,
1352 2560 1379 2610 ι,
1396 2559 1427 2617 p.
1453 2539 1520 2610 186,
1544 2536 1593 2596 lat.
1614 2537 1760 2596 versionis
1775 2537 1852 2596 Phil.

245 2624 361 2685 ἐναντίου
376 2630 422 2698 τῆς
435 2625 520 2685 νόσου.
535 2626 655 2699 Είπομεν
672 2623 699 2708 il
719 2626 841 2706 ἀνωτέρω
854 2623 901 2696 τὴν
916 2625 1022 2704 ἀγωγήν
1078 2629 1189 2704 liechii,
1209 2628 1298 2688 Basil.
1324 2628 1399 2685 1560
1418 2624 1485 2707 (sol.
1503 2626 1560 2682 128
1576 2637 1655 2683 tecto
1668 2626 1733 2685 cod.
1751 2624 1852 2699 Paris,

243 2719 287 2772 τοὺ
300 2715 486 2794 συλλογισμοῦ.
511 2709 515 2716 ’
1080 2737 1167 2792 ι9ε9,
1181 2729 1251 2775 teste
1264 2714 1366 2790 llosio)
1378 2715 1411 2772 in
1424 2713 1580 2772 ridiculum
1593 2710 1644 2770 ille
1657 2712 1756 2790 lapsus
1770 2731 1852 2771 erro-

287 2803 410 2862 litevius
424 2803 485 2862 haec
498 2803 596 2862 cadem
607 2803 699 2880 tangit
710 2803 880 2883 Simplicius
890 2805 921 2864 in
932 2805 1021 2864 Arist.
1075 2824 1136 2864 rem
1154 2828 1160 2862 :
1177 2809 1232 2878 ραι·
1245 2823 1314 2861 vem
1320 2806 1439 2880 fingunt
1454 2807 1579 2858 ‹iomrcm
1589 2819 1648 2857 esse
1658 2803 1853 2872 harmoniam,

243 2891 279 2954 tle
296 2892 412 2965 Anittta,
423 2893 454 2951 in
463 2892 519 2952 hoc
528 2912 545 2951 a
554 2891 668 2952 Joannc
678 2892 1022 2973 Philoponodiscrepans
1075 2909 1105 2951 ut
1119 2897 1203 2952 Plato
1215 2902 1244 2950 io
1259 2895 1383 2950 Eudemo
1393 2895 1525 2962 ostendit,
1540 2897 1581 2947 ita
1585 2891 1756 2966 figmentum
1775 2911 1853 2946 sotim

243 2979 1021 3061 quodetlortassePlatonisl‘haedoneminnuereputat
1074 2983 1273 3060 componunt);
1287 2979 1314 3037 Τ
1316 2979 1463 3038 heodorus
1482 2976 1636 3036 lietocltita
1658 2978 1691 3036 in
1708 2977 1851 3054 Paraplir.

244 3069 446 3139 Aristotelem,
462 3069 482 3130 l.
501 3076 534 3136 ii
547 3079 627 3127 recto
641 3088 649 3124 ι
665 3066 714 3128 Ἐν
735 3067 853 3148 κοινῷδδ
867 3069 1022 3146 γινομένους
1074 3092 1106 3150 p.
1123 3091 1177 3131 aot
1194 3089 1270 3130 vers.
1287 3070 1336 3128 iat.
1355 3067 1391 3124 Η.
1414 3065 1617 3136 pantaleonis,
1634 3064 1722 3123 nisit.
1749 3065 1824 3122 1562
1844 3084 1853 3124 :

242 3159 332 3232 λόγους
345 3155 402 3224 τοὺς
416 3155 574 3236 συμμέτρως
587 3155 634 3214 καὶ
648 3163 701 3222 τοῖς
717 3157 823 3222 πολλοῖς
838 3156 1023 3236 ἠρωτημένους
1074 3161 1134 3216 Sed
1144 3172 1173 3216 et
1185 3162 1269 3215 Picto
1278 3160 1400 3231 quidem,
1413 3169 1440 3212 et
1454 3157 1615 3212 Aristotcles
1627 3174 1691 3210 cam
1709 3155 1780 3210 attii·
1787 3174 1854 3208 coer-

241 3245 333 3315 ιιαλεῖ,
352 3245 528 3318 αἰνιττόμενος
542 3242 590 3318 μίν
604 3241 667 3309 ἴσως
681 3244 727 3302 καὶ
747 3243 806 3309 τσὺς
826 3245 854 3301 ἐν
879 3245 1021 3319 Φαίδωνι,
1075 3245 1151 3307 futat
1157 3249 1300 3321 pluribus,
1315 3265 1368 3303 nec
1382 3246 1479 3304 minus
1491 3242 1721 3321 Olytnpiodorus
1732 3242 1763 3299 in
1776 3241 1851 3300 Plat.

242 3331 325 3410 λέγων
336 3331 363 3390 δέ
376 3330 420 3389 καὶ
434 3327 492 3398 τοὺς
501 3331 544 3389 ὑπ’
560 3329 639 3389 αὑτοῦ
649 3331 676 3389 ἐν
686 3333 724 3411 τῷ
737 3330 895 3413 διαλόγῳτῷ
908 3331 1023 3414 Εὐδήμῳ
1078 3333 1251 3391 Phaedonem
1268 3353 1297 3410 p.
1319 3341 1386 3405 ria,
1412 3352 1424 3388 t
1443 3330 1490 3389 od.
1506 3328 1628 3402 Fincklr,
1644 3328 1749 3387 allatus
1759 3329 1820 3406 jam
1837 3349 1853 3386 a

242 3421 389 3502 γριρίντας
410 3416 576 3498 ἀλεγιιτυεοὺς
586 3421 633 3489 τῆς
644 3417 780 3498 ἁρμονίας.
795 3419 954 3481 Eudemum
969 3424 1023 3482 etsi
1078 3420 1200 3480 Patritio
1218 3424 1340 3480 Discors.
1360 3423 1486 3496 Peripat.
1508 3418 1542 3489 l,
1560 3439 1589 3496 p.
1607 3427 1646 3494 pi,
1662 3417 1718 3494 (cl.
1734 3416 1850 3493 Fragor.

243 3529 301 3566 non
312 3503 455 3583 nominat,
469 3519 563 3566 tanton
577 3520 676 3586 apterte
686 3507 785 3585 innuit
800 3507 977 3571 'l'hemistius
993 3512 1023 3570 in
1077 3509 1168 3569 Arist.
1192 3511 1221 3567 in
1237 3508 1285 3568 ed.
1298 3507 1417 3566 Duralii
1429 3527 1460 3585 p.
1473 3508 1548 3577 684,
1563 3507 1598 3578 A,
1611 3503 1849 3582 etll'yttcnbach.

244 3597 416 3676 paraphrasi
430 3598 449 3657 l.
473 3617 509 3671 ρο
526 3611 623 3671 recto,
639 3610 659 3657 t.
675 3595 712 3670 ll,
728 3619 756 3677 p.
776 3609 826 3673 ii,
843 3601 859 3658 3
875 3600 921 3662 ed.
935 3603 1024 3680 Spen·
1077 3599 1113 3656 ad
1122 3597 1197 3657 Plat.
1207 3597 1344 3655 Phaedon.
1354 3616 1384 3674 p.
1397 3597 1475 3674 τερ)
1490 3591 1853 3673 τὈτιδἈριστοτίλης

242 3687 296 3759 gel.
315 3684 390 3748 ιίίαλ
405 3684 473 3758 όλλη
490 3683 571 3766 δί’τις
586 3683 647 3752 δόξα
667 3687 846 3764 παραδίδοται
864 3687 925 3765 περί
937 3691 1024 3770 ψυχῆς
1078 3687 1104 3745 ir
1118 3688 1157 3767 τῷ
1175 3684 1293 3765 Εὐδήμῳ
1307 3683 1389 3751 οὕτως
1404 3686 1540 3764 ἐπιχειρεῖ·
1560 3686 1594 3762 τῇ
1613 3681 1853 3762 ἁρμονίιρίναντίον

241 3771 337 3844 πιθανή
351 3771 399 3850 μίν
413 3775 536 3851 οὐδεμιᾶς
549 3765 631 3846 ήσσον
647 3777 699 3834 τῶν
714 3775 876 3856 λεγομένοιν,
894 3777 1023 3838 δεδωκυῖα
1077 3775 1146 3835 ἐστίν
1158 3779 1177 3847 ή
1189 3771 1362 3854 ἀναρμοστία·
1378 3771 1448 3850 τῇδὲ
1459 3774 1533 3851 ψυχῇ
1547 3769 1621 3830 οὐδίν
1633 3769 1759 3830 ὐναντίον·
1775 3768 1853 3828 οὐσία

241 3861 269 3918 δέ
284 3860 391 3930 εὐθύνας
404 3862 449 3922 καί
465 3860 628 3940 ὶζητατμόντ,
646 3863 692 3922 καί
713 3865 739 3923 όν
755 3868 809 3932 τοῖς
826 3874 921 3932 κοινοῖς
936 3867 1021 3948 λόγοις
1076 3864 1137 3944 γόρ·
1153 3862 1199 3923 καὶ
1218 3862 1248 3920 τδ
1262 3861 1442 3942 συμπέρασμα
1454 3858 1632 3934 δῆλον.Ἐτι,
1647 3861 1671 3917 εί
1685 3860 1851 3937 ἀναρμοστία

241 3949 286 4009 καί
300 3949 392 4018 ἐντοῖς
411 3949 492 4018 ίδίοις.
508 3949 621 4032 Λέγουσι
639 3950 690 4030 γάρ
705 3974 772 4021 τινες
785 3952 866 4025 αὐτήν
886 3953 1022 4034 ἁρμονίαν·
1076 3955 1129 4011 τῶν
1153 3950 1290 4030 στοιχείων
1309 3953 1355 4009 τοδ
1379 3947 1446 4028 ζῴου
1466 3947 1556 4027 νόσος,
1578 3951 1596 4018 ἡ
1621 3945 1734 4027 ἁρμονία
1757 3944 1798 4016 είη
1820 3945 1853 4002 ἀν

240 4038 286 4096 καὶ
299 4037 351 4118 γίιρ
363 4037 411 4110 τήν
432 4039 561 4119 ἁρμονίαν
582 4048 674 4122 κρᾶσιν
696 4040 742 4099 καί
762 4039 882 4103 σύνδεσιν
897 4043 1020 4102 ίναντίων
1078 4039 1174 4119 ὑγίεια,
1196 4041 1257 4098 ἀλλ’
1269 4037 1329 4119 οὐχί
1342 4037 1427 4120 ψυχή.
1443 4037 1487 4096 ld.
1501 4037 1543 4098 ib.
1560 4057 1589 4115 p.
1612 4043 1677 4107 tia,
1693 4035 1710 4091 5
1725 4053 1734 4092 t
1748 4029 1813 4092 Ὀτι
1825 4035 1851 4090 ἓν

241 4115 307 4184 εἷναι
327 4127 373 4185 καί
395 4127 425 4187 τό
444 4129 523 4206 σῶμα
546 4133 698 4206 συγκεῖσθαι
720 4127 746 4198 ῖζ
769 4130 901 4190 ἐναντίοιν·
916 4130 964 4203 τὴν
978 4121 1023 4190 οὐν
1076 4136 1129 4194 τοῖς
1141 4125 1202 4206 περὶ
1213 4129 1314 4206 Ψυχῆς
1331 4126 1374 4202 (l,
1388 4148 1415 4184 c.
1432 4123 1467 4205 i)
1483 4121 1573 4192 οὑτως·
1589 4127 1606 4194 ἡ
1620 4120 1693 4204 ψυχή
1718 4126 1765 4181 τοῦ
1785 4119 1852 4202 ζῴου

240 4215 366 4275 τάναντία
389 4219 473 4274 ταῦτα
496 4217 532 4284 είς
558 4215 711 4296 συμφωνίαν
731 4216 846 4294 ἄγουσαν
870 4218 915 4277 καί
936 4217 1022 4298 ἁρμό·
1075 4218 1125 4295 μία
1139 4216 1260 4276 ίαιίστου·
1272 4216 1300 4273 αί
1311 4214 1338 4273 δέ
1352 4213 1475 4294 ἁρμονίαι
1483 4210 1591 4272 πολλαί·
1606 4211 1665 4270 καθ’
1675 4207 1784 4268 ίκαστον
1801 4208 1853 4287 γάρ

241 4305 352 4383 ζουσαν,
367 4303 451 4385 δερμὰ
461 4302 532 4382 λίγω
543 4303 588 4362 καὶ
599 4302 688 4385 ψυχρδ
698 4303 744 4363 καί
758 4303 824 4384 ὑγρά
838 4306 884 4364 καὶ
898 4305 964 4386 ζηρά
976 4306 1023 4365 καί
1076 4305 1161 4384 μέρος·
1171 4302 1217 4363 καί
1229 4303 1259 4362 τό
1272 4302 1461 4380 συμπέρασμα·
1475 4304 1493 4372 ή
1506 4297 1580 4380 ψυχή
1596 4305 1662 4356 κινεῖ
1682 4297 1713 4355 τδ
1728 4301 1817 4375 σῶμα·
1833 4301 1850 4367 ἡ

241 4391 344 4470 σαληρὰ
367 4390 413 4450 καί
427 4389 536 4470 palmi
558 4391 603 4450 xci
617 4391 679 4451 όσαι
694 4391 772 4452 ἀλλαι
789 4391 951 4459 ἐναντιώσεις
969 4396 1021 4452 τῶν
1076 4391 1103 4452 δί
1123 4389 1238 4471 ἁρμονία
1260 4397 1381 4463 κινεῖται,
1399 4389 1444 4448 καί
1466 4389 1487 4447 εί
1511 4385 1580 4447 κατὰ
1599 4383 1782 4464 σνμόεόηκός·
1804 4389 1852 4442 οὐκ

241 4477 352 4559 πρόντυιν
379 4479 528 4556 σωμάτων,
551 4477 624 4538 ciiii
645 4479 711 4539 ἀλλο
731 4470 798 4539 ε’ίναε
820 4479 838 4551 ἣ
858 4479 902 4553 τήν
923 4479 1021 4561 ψυχήν,
1076 4480 1129 4561 ι’ίρα
1140 4479 1225 4561 ψυχή.
1240 4479 1279 4541 Τό
1290 4479 1376 4558 τρίτον
1391 4474 1486 4536 ταότδν
1500 4477 1538 4555 τῷ
1553 4476 1580 4532 ίν
1596 4473 1712 4552 Εὐδήμῳ
1727 4472 1850 4554 δευτέρῳ.

241 4567 330 4647 ὥσπερ
345 4566 392 4626 καί
413 4571 499 4639 ἡτῶν
523 4569 642 4648 ρθόγγων
663 4568 776 4647 ἁρμονία
799 4567 830 4627 τό
846 4567 912 4650 βαρὺ
928 4569 973 4628 καί
989 4568 1021 4629 τό
1074 4572 1145 4629 Cum
1156 4566 1415 4648 priorelococonf.
1426 4563 1568 4624 Alexand.
1580 4562 1708 4641 Apin-od.
1718 4563 1749 4619 in
1761 4562 1850 4620 Arist.

242 4657 284 4726 6Ξῦ
301 4657 466 4736 σννῦφμόζει.
491 4657 659 4730 Πιθανότητα
679 4659 726 4736 μέν
749 4649 793 4718 οὑν
815 4661 829 4717 ό
850 4659 924 4738 λόγος
947 4657 1018 4739 ἔχει,
1047 4629 1052 4720 ί
1075 4657 1101 4716 Τ
1103 4659 1198 4737 opica,
1216 4678 1243 4736 p.
1262 4657 1316 4715 εδδ
1331 4655 1420 4733 (aiio,
1432 4653 1467 4725 B,
1482 4654 1519 4722 iii
1532 4650 1649 4728 Brund}
1666 4671 1673 4707 :
1689 4649 1782 4715 Οὕτως
1797 4648 1854 4705 ἐπεὶ

240 4850 275 4894 Ac
288 4845 393 4908 primurn
410 4845 475 4907 prior
488 4846 525 4894 est
537 4842 617 4892 anima
634 4857 748 4907 corpore,
760 4845 885 4894 hannonia
904 4857 960 4895 ιεεο
978 4857 1019 4907 po·
1075 4843 1161 4902 mittit,
1178 4843 1260 4892 anime
1277 4853 1337 4892 τετυ
1352 4838 1458 4889 admittit
1470 4837 1565 4888 vitium.
1583 4837 1709 4887 Posttetno
1722 4834 1743 4883 si
1762 4836 1853 4896 pertiu-

241 4933 337 4984 steriot.
348 4931 433 4984 Animo
443 4929 531 4982 dende
542 4930 669 4994 imperium
679 4931 750 4982 mbct
767 4932 792 4982 iu
803 4945 891 4996 corpus
904 4935 929 4982 ct
942 4931 1020 4982 domi·
1075 4931 1141 4981 httio
1161 4928 1293 4980 harmonias
1310 4928 1335 4977 ἰσ
1353 4937 1455 4990 ootpors
1469 4923 1570 4975 morbus
1586 4926 1637 4985 est,
1657 4922 1709 4971 sire
1727 4921 1855 4970 intirmitas

243 5024 316 5072 natur
327 5024 352 5074 et
364 5033 430 5085 sepo
442 5021 524 5071 σοαίτε
538 5017 596 5070 iliud
614 5023 718 5082 pugnat,
735 5019 860 5070 inarmonia
879 5024 958 5072 summ
972 5034 1021 5072 non
1076 5020 1128 5070 sire
1140 5016 1276 5082 turpimdo,
1292 5015 1420 5065 Ιιειειιοειῖε
1429 5013 1537 5078 corporis
1547 5008 1716 5076 pulchritudo,
1730 5009 1793 5059 bom
1810 5021 1854 5058 m·

242 5113 331 5174 ρεςεοεῖ
344 5112 429 5162 contra
446 5121 474 5160 es
488 5120 543 5172 qttoe
561 5107 707 5158 conciliarit.
728 5110 789 5158 item
804 5109 929 5159 harmonia
948 5107 1022 5158 modo
1075 5106 1157 5158 letodo
1173 5109 1199 5156 et
1209 5105 1273 5156 vires
1283 5106 1357 5166 esset,
1377 5101 1420 5154 scd
1433 5113 1481 5153 non
1493 5100 1579 5151 εειῖειια
1596 5101 1656 5149 linc
1671 5111 1730 5149 vero
1743 5096 1824 5149 otonis
1840 5108 1854 5143 a

242 5200 380 5264 intenditur,
393 5197 609 5262 modojremiititun
621 5198 686 5261 quod
699 5209 747 5248 noo
758 5195 844 5247 accidit
853 5196 948 5246 animae.
960 5197 1022 5245 itar-
1073 5190 1223 5257 pidlosopiiis
1235 5189 1291 5242 uiti
1303 5189 1368 5240 dicta
1384 5192 1439 5240 sunt
1451 5209 1458 5240 ι
1472 5199 1529 5252 quo
1542 5189 1624 5238 soient
1638 5197 1703 5236 nunc
1714 5182 1856 5234 Aristoteles

243 5287 323 5338 monia
333 5291 457 5352 proterea,
470 5285 583 5352 quamdiu
593 5285 701 5346 exsistat,
716 5283 914 5348 perturbationem
925 5295 973 5334 nos
981 5281 1022 5332 atl-
1074 5277 1134 5332 ddi
1145 5279 1201 5331 tal‘n
1214 5280 1270 5331 suat
1271 5313 1319 5332 .....
1332 5277 1379 5337 Qni
1396 5277 1467 5341 igitur
1478 5274 1563 5328 dimot
1578 5273 1730 5325 Ιιετωοαῖειο
1740 5268 1855 5322 areani-
