4017 5984
562 456 872 518 ClthClDENSthl
880 501 890 533 ,
911 456 1135 519 OROPIORUM
1156 454 1417 519 RESPUBLICAE.

1726 458 1794 518 295·

190 589 236 651 καί
259 590 379 655 ἀποικίας
402 588 520 648 ἔστειλαν
545 587 691 665 ἀξιολόγους
717 590 753 655 εἷς
782 588 958 651 Μακεδονίαν.
1016 596 1106 664 μενοι,
1119 590 1177 649 τότε
1192 592 1292 667 μάλλον
1313 588 1407 668 ἑτέρων
1422 588 1565 666 ἠγάπησαν
1579 586 1624 646 καὶ
1644 586 1782 666 ἐτίμησαν.

190 676 314 757 Ἐρέτριά
329 672 376 754 μίν
399 672 451 753 γθιρ
469 674 597 753 συνῴκισε
612 672 657 740 τθς
672 674 734 753 περὶ
756 672 899 746 Παλλήνην
917 675 962 733 καί
1016 676 1259 757 Ἀριστοτέλης
1275 677 1302 737 ll
1318 675 1361 735 τὸν
1383 674 1431 753 μὲν
1449 675 1606 754 Κλεόμαχον
1620 675 1705 741 άλλως
1719 678 1789 734 ἀπο-

189 765 233 824 τθν
247 762 316 824 Ἄθω
337 762 471 835 πόλιις,ἡ
495 761 522 821 δὲ
543 759 645 827 Χαλκίς
657 762 703 827 τὰς
718 764 769 821 tei
783 761 917 839 Ὀλύνθῳ,
933 762 963 830 ἀς
1016 769 1101 822 θανεῖν
1118 763 1182 845 φησί
1193 764 1362 843 κρατήσαντα
1375 767 1426 822 τῶν
1436 761 1591 842 Ἐρετριέων
1606 761 1735 841 τῇμάχη·
1745 764 1790 822 τὸν

191 853 325 919 Φίλιππος
337 849 519 928 διελυμήνατο·
534 848 579 909 καῖ
590 852 636 919 τῆς
647 847 761 914 Ἰταλίας
779 872 807 907 τι
821 850 866 909 καί
881 853 962 911 Σικε-
1019 850 1048 910 δὲ
1072 852 1122 910 ὐπὸ
1142 856 1188 911 τοῦ
1212 852 1342 931 έρωμένου
1361 850 1500 931 φιληθέντα
1524 854 1576 909 τῶν
1607 848 1660 909 ἀπὸ
1682 829 1790 930 Θράκης

188 940 248 1009 λίας
262 940 348 999 πολλὰ
368 937 454 1021 χωρία
469 937 625 997 Χαλκιδέων
646 937 725 996 έστίν.
749 937 915 1010 Ἐστάλησαν
934 938 961 997 δὲ
1016 938 1171 999 Χαλκιδέων
1179 938 1463 1017 γενέσθαε,πιμρθε’ντα
1472 938 1524 1003 τοῖς
1535 938 1561 995 έν
1575 934 1676 1016 [itote
1686 938 1789 995 Χαλκι-

189 1030 216 1087 el
232 1028 349 1088 ἀποικίαι
361 1018 452 1098 αὗται,
464 1024 582 1105 καθάπερ
594 1022 696 1104 είρηκεν
709 1024 962 1103 Ἀριστοτέλης,
1017 1028 1101 1087 δεῦσιν
1111 1026 1254 1107 ἐπίκωμον·
1266 1026 1323 1086 ὅθεν
1333 1026 1440 1109 ᾅδεσθαι
1454 1025 1526 1105 παρὰ
1536 1032 1589 1090 τοῖς
1603 1024 1790 1095 Χαλκιδεῦσιν,

188 1117 266 1189 ἡνίκα
281 1118 363 1187 ἡτῶν
378 1112 544 1177 Ἱπποόοτῶν
571 1112 709 1191 ίπεκράτει
728 1113 857 1172 πολιτεία·
883 1112 962 1193 πρόε-

189 1227 289 1277 στησαν
304 1203 356 1282 γάρ
371 1205 455 1274 αὐτῆς
474 1201 526 1261 ἀπὸ
537 1200 695 1277 τιμημάτων
708 1201 797 1280 ἄνδρες
807 1202 963 1281 ἀριστοκρα·

188 1296 268 1359 τικῶς
280 1293 414 1370 ἄρχοντες.

230 1382 272 1439 he
284 1379 460 1460 Hippobotis
469 1376 702 1437 Chalcidensium
717 1376 754 1435 cl.
770 1376 909 1434 llerodot.
920 1375 956 1448 V,

191 1492 238 1541 77.
261 1464 311 1540 VI,
339 1487 402 1527 roo.
423 1466 500 1526 Plut.
516 1464 550 1525 V.
572 1464 678 1523 Pericl.
701 1486 728 1523 c.
754 1466 801 1523 23.
824 1463 959 1521 Ceterum

188 1555 283 1635 ipsius
293 1554 455 1614 Aristotelis
466 1567 585 1611 matrem
595 1572 632 1611 ex
641 1572 740 1611 aarum
756 1552 848 1629 stirpe
861 1551 961 1623 luisse,

189 1644 240 1721 qui
276 1642 453 1701 eChalcide
479 1640 593 1717 Stagira
620 1641 765 1700 coloniam
803 1640 962 1711 duxerant,

188 1744 258 1790 teste
269 1731 391 1808 Dionys.
411 1729 474 1787 Hal.
489 1728 581 1807 Epist.
598 1728 634 1786 ad
646 1733 809 1787 hmmaeurn
824 1728 841 1803 S
856 1726 886 1799 5,
898 1740 964 1805 apte

191 1821 308 1880 monuit
319 1819 515 1877 Neumannus.

495 1975 552 2033 aab
577 1974 672 2053 (597).

228 2092 375 2151 Plutarch.
387 2090 496 2148 Erotio.
510 2110 535 2149 c.
554 2110 585 2161 ¹7
602 2107 610 2146 :
627 2085 784 2165 Κλεόμαχον
795 2084 875 2143 ateis
885 2086 964 2160 Φαρ·

192 2180 282 2238 οάλιον
297 2178 354 2239 ἴστε
368 2178 492 2249 δήπουθεν
503 2176 529 2244 lt
543 2168 575 2247 ἧς
591 2173 676 2242 αἰτίας
690 2170 856 2245 ἐτελεύτησεν
869 2178 966 2248 ἀγωνι-

192 2267 351 2344 ζόμενοςς...
366 2255 450 2327 'dxcv
466 2264 601 2343 ἐπίκουρος
622 2264 783 2323 Χαλκιδεῦσι
803 2254 903 2339 [μετὰ]
918 2262 965 2317 τοῦ

190 2357 372 2427 Θεσσαλικοῦ,
395 2353 511 2427 πολέμου
535 2350 601 2430 πρὸς
625 2349 767 2429 Ἐρετριεῖς
790 2345 962 2421 ἀκμάζοντος.

191 2442 244 2503 Καί
260 2442 290 2503 τὸ
304 2442 351 2520 μίν
362 2440 439 2510 πεζὸν
454 2440 537 2500 έδόκεε
548 2446 601 2504 τοῖς
620 2439 798 2499 Χαλκιδεῦσιν
815 2436 961 2513 ἐρρῶσθαι,

190 2530 248 2597 τοὺς
261 2532 284 2588 δ’
295 2528 392 2597 ἱππίας
407 2526 475 2606 μίγα
489 2528 563 2607 έργον
578 2518 610 2599 ἦν
625 2523 744 2583 ὤσασθαι
755 2526 807 2583 τῶν
817 2520 961 2599 πολεμίων.

189 2617 399 2697 Παρικάλουνδή
406 2615 450 2675 τθν
462 2617 618 2693 Κλεόμαχον
628 2613 708 2692 ἀνδρα
716 2608 908 2691 λαμπρὸνόντα
918 2607 965 2678 τὴν

126 2740 132 2755 ·
190 2705 277 2785 ψυχὴν
290 2706 313 2763 οῖ
324 2702 461 2781 σόμμαχοε
470 2706 572 2782 πρῶτον
584 2698 724 2776 έμθάλλειν
736 2700 772 2763 είς
786 2695 843 2762 τοῦς
858 2694 963 2760 ἱππέας.

191 2792 224 2852 ‘0
232 2792 260 2851 δὲ
270 2790 391 2870 ἠρώτησε
399 2788 515 2869 παρόντα
526 2788 569 2846 τόν
580 2785 720 2866 ἐρώμενον,
730 2786 753 2841 εί
763 2784 967 2860 μελλειθεᾶσθαι

190 2880 234 2939 τὸν
250 2882 349 2958 ἀγῶνα.
365 2877 507 2949 Φησαντος
516 2874 544 2935 ’δὲ
556 2879 602 2933 τοῦ
611 2871 746 2931 νεανίσκου
755 2869 800 2928 καί
810 2866 967 2951 ριλορρόνως

191 2966 268 3026 αὐτὸν
283 2966 473 3041 ἀσπασαμένου
488 2962 534 3023 καί
547 2960 578 3021 τθ
591 2960 684 3043 κράνος
700 2957 845 3029 ίπιθέντος,
855 2959 965 3035 έπιγαυ-

192 3055 279 3135 ρωθελς
291 3057 305 3112 t
321 3052 477 3132 Κλεόμαχος
488 3050 534 3109 καί
545 3047 605 3118 τοῦς
617 3049 738 3128 ἀρίστους
750 3048 801 3104 τῶν
815 3046 964 3105 Θεσσαλῶν

83 3200 85 3205 ,
191 3139 346 3222 συναγαγὼν
361 3140 422 3222 περὶ
443 3138 522 3198 αὑτὸν
544 3137 654 3209 ἐξήλασε
667 3136 796 3213 λαμπρῶς
812 3131 858 3192 καί
871 3131 966 3211 προσέ-

191 3254 257 3289 πεσε
270 3237 325 3297 τοῖς
343 3227 495 3305 πολεμίοις,
512 3224 575 3293 ῶςτε
589 3222 744 3305 συνταράξαι
759 3220 804 3280 καὶ
818 3219 964 3300 τρέψασθαι

192 3318 223 3377 τθ
236 3318 356 3379 ίππικόν.
370 3316 422 3379 Ἐκ
437 3316 463 3374 δί
478 3311 623 3373 τούτουκαὶ
634 3315 686 3370 τῶν
697 3311 810 3369 θπλιτῶν
820 3306 961 3389 φυγόντων,

192 3404 314 3480 ίνίκησαν
329 3403 397 3464 κατὰ
411 3402 505 3484 κράτος
519 3406 543 3460 οἱ
558 3398 705 3465 Χαλκιδεῖς·
720 3397 763 3455 τθν
779 3394 868 3473 μέντοι
879 3391 965 3453 Κλεό·

194 3517 280 3575 μαχον
296 3498 433 3554 ἀποθανεῖν
445 3489 579 3567 συνέτυχε,
592 3488 672 3568 σάρον
688 3484 713 3544 δ’
723 3486 800 3544 αὐτοῦ
809 3481 966 3543 δεικνύουσιν

193 3586 219 3642 έν
230 3584 314 3662 ἀγορᾷ
324 3579 464 3644 Χαλκιδεῖς
480 3578 517 3655 ἐφ’
528 3570 557 3635 ob
572 3574 650 3655 μέχρι
662 3580 707 3633 νῦν
719 3577 734 3629 θ
748 3572 829 3651 μέγας
842 3570 968 3652 ἐφέστηκε

77 3700 82 3707 ·
193 3662 265 3729 κίων
290 3668 335 3729 καί
356 3670 386 3727 τὸ
413 3667 595 3745 παιδεραστεῖν
618 3662 743 3743 πρότερον
765 3664 791 3721 ίν
813 3660 887 3741 ψόγῖρ
902 3655 969 3717 τιθέ-

1108 1164 1143 1214 ’o
1152 1168 1241 1225 παῖδες,
1255 1166 1278 1215 ol
1288 1164 1390 1228 χαρίτων
1399 1166 1472 1213 τεκαὶ
1482 1164 1588 1227 πατέρων
1597 1160 1675 1224 λάχετ’
1689 1162 1790 1222 ἐσθλῶν,

1080 1236 1112 1296 μή
1122 1234 1221 1297 φθονεῖθ’
1234 1236 1296 1299 ῶρας
1305 1234 1425 1296 ἀγαθοῖσιν
1437 1233 1544 1294 ὁμιλίαν,

1079 1304 1175 1367 σὺνγὰρ
1186 1305 1279 1369 ἀνδρεία
1293 1306 1334 1353 καὶ
1346 1305 1492 1365 θλυσιμελής
1501 1303 1577 1365 Ἔρως

1076 1373 1115 1423 ἐπὶ
1126 1374 1260 1425 Χαλκιδέων
1270 1376 1345 1424 θάλλει
1356 1372 1460 1423 πόλεσιν.

1017 1477 1120 1539 Ἀντων
1127 1469 1160 1551 ἧν
1172 1479 1254 1557 ὄνομα
1264 1484 1301 1560 τῷ
1312 1484 1425 1560 δραστῇ,
1440 1482 1478 1557 τῶ
1492 1479 1515 1536 δ’
1525 1474 1647 1557 ἐρωμένῳ
1658 1474 1793 1550 Φίλιστος,

1019 1568 1056 1633 ὡς
1067 1568 1095 1624 έν
1107 1568 1161 1632 τοῖς
1174 1568 1272 1634 Αἰτίοις
1282 1566 1414 1633 Διονύσιος
1425 1568 1440 1622 δ
1451 1566 1561 1636 ποιητὴς
1574 1562 1706 1639 ἱστόρησε.

1059 1654 1151 1711 lllulto
1184 1652 1371 1732 probabilius
1407 1654 1468 1711 haec
1493 1654 1529 1710 ad
1559 1649 1792 1710 Chalcidensium

1021 1742 1241 1819 llempnblicana
1263 1761 1369 1821 quam,
1387 1755 1419 1798 ut
1440 1741 1545 1798 Rosius
1565 1740 1643 1814 lecit,
1663 1739 1698 1800 ad
1725 1742 1792 1798 Ari·

1020 1832 1131 1889 stotelis
1141 1830 1302 1901 Eroticurn‚
1312 1830 1420 1888 anullo
1429 1828 1712 1907 prseterhthenaenm
1724 1832 1794 1888 cita-

1021 1932 1097 1990 tum,
1108 1919 1275 1977 referuntur
1288 1917 1473 1997 probantque
1487 1916 1704 1994 quodaminodo
1716 1916 1791 1994 ejus·

1021 2007 1086 2065 dem
1103 2007 1233 2066 hthenaei
1247 2004 1338 2064 verba
1358 2003 1440 2076 xlii,
1464 2024 1494 2083 p.
1512 2006 1623 2077 601,i·:
1639 2027 1646 2063 ι
1661 2004 1751 2070 Ὅλως
1765 2002 1793 2061 δὲ

1021 2093 1080 2160 τοθς
1093 2093 1228 2161 παιδικοὺς
1250 2092 1349 2173 ίρωτας
1368 2095 1420 2150 τῶν
1435 2090 1477 2150 ἐπί
1491 2100 1548 2157 ταῖς
1558 2094 1673 2163 θηλείαις
1686 2090 1794 2174 προκρί-

1021 2205 1095 2241 νουσι
1111 2180 1216 2242 πολλοί.
1233 2179 1313 2259 Παρία
1327 2180 1378 2260 γθρ
1389 2184 1445 2245 ταῖς
1458 2181 1573 2256 μάλιστα
1592 2180 1794 2255 εὐνομουμέναις

1022 2271 1128 2330 πολεσιν
1140 2271 1183 2328 lati
1197 2276 1244 2342 τῆς
1255 2269 1386 2335 Ἑλλάδος
1400 2271 1596 2339 σπουδασθῆναι
1608 2269 1665 2329 τόδε
1680 2268 1711 2327 τὸ
1725 2268 1792 2335 ἔθος.

1023 2362 1126 2437 Κρῆτες
1136 2364 1216 2435 γοῦν,
1229 2361 1265 2426 ὡς
1279 2359 1343 2438 ἔρην
1362 2358 1468 2436 [supra
1480 2355 1532 2427 ΧΙ,
1546 2379 1570 2415 c.
1587 2357 1658 2435 ao),
1672 2356 1717 2414 καί
1730 2362 1754 2416 οῖ
1767 2359 1794 2414 ἐν

1021 2445 1122 2527 Εὐόοίαρ
1134 2448 1274 2511 Χαλκιδεῖς
1287 2445 1348 2525 περὶ
1362 2442 1395 2503 rit
1405 2442 1515 2501 παιδικά
1527 2443 1665 2519 δαιμονίως
1679 2442 1793 2514 ίπτόην-

1022 2558 1076 2591 ται.
1093 2534 1227 2591 Ceterum
1239 2532 1308 2590 vide
1324 2531 1357 2591 lr.
1376 2540 1444 2600 rad.

1062 2622 1105 2681 De
1119 2619 1215 2678 insula
1236 2618 1345 2677 Euboea
1358 2619 1514 2697 scripserat
1534 2619 1609 2676 alius
1626 2617 1795 2676 Aristoteles

1023 2709 1106 2786 cujus
1129 2710 1237 2765 mentio
1260 2706 1336 2784 apud
1360 2706 1615 2783 llarpocrationenr
1640 2726 1662 2763 s.
1682 2727 1714 2763 ν.
1732 2703 1794 2782 Ἄρ-

1023 2819 1142 2873 γουρα...
1160 2793 1240 2855 Ἔστι
1254 2792 1282 2853 δέ
1304 2795 1379 2858 πολις
1399 2796 1446 2862 τῆς
1467 2790 1579 2857 Eiteia<
1597 2794 1623 2849 έν
1636 2796 1670 2871 τῇ
1692 2793 1795 2851 Χαλκι-

1024 2888 1083 2965 δικῇ
1098 2881 1217 2960 κειμένη,
1231 2884 1267 2949 ῶς
1278 2878 1454 2958 Ἀριστοτέλης
1464 2882 1478 2934 θ
1490 2876 1634 2942 Χαλκιδεὺς
1649 2880 1676 2933 ἐν
1687 2881 1724 2957 τῷ
1734 2878 1794 2955 περί

1024 2972 1137 3037 Estote<
1147 2984 1175 3030 et
1186 2966 1441 3046 Scholllpollonii
1453 2964 1544 3023 llltod.
1553 2965 1578 3037 l,
1594 2965 1651 3022 558
1663 2986 1670 3020 ε
1683 2962 1796 3029 Σουίδας

1022 3060 1068 3121 καί
1092 3057 1285 3140 Ἀριστοτέλης,
1306 3058 1330 3116 σί
1358 3053 1418 3133 περί
1444 3050 1544 3113 Eiteia
1585 3072 1793 3129 πεπραγματευ-

1022 3152 1107 3226 μένοι.

1298 3291 1512 3374 (aranuh.)

1320 3442 1377 3498 226
1392 3437 1495 3517 (598).
1527 3414 1531 3418 .

1064 3560 1226 3640 Stephanus
1241 3556 1311 3634 isyz.
1327 3574 1351 3613 s.
1366 3576 1397 3614 r.
1413 3550 1533 3633 Ὠρωπός
1552 3572 1559 3607 :
1576 3547 1652 3616 πόλις
1675 3548 1798 3607 Μακεδο-

1024 3651 1117 3717 νίας...
1130 3643 1339 3713 Ἔστικαλάλλη
1348 3638 1474 3706 nitetur.
1487 3636 1522 3697 ’h
1534 3634 1726 3717 ριστοτέλης
1736 3639 1798 3713 γοῦν

205 3747 1797 3797 -....--------—------··

556 3860 610 3905 225.

225 3964 298 4015 Scitis
316 3975 391 4025 vcro,
407 3959 570 4011 Cleomachus
585 3956 729 4008 Pharsalius
745 3970 795 4019 qua
811 3954 843 4005 do
859 3968 933 4003 causa
945 3954 970 4003 in

196 4065 275 4116 puna
288 4048 431 4114 pertenit...
446 4047 572 4111 Flagranie
593 4046 657 4095 inter
673 4041 847 4094 Chalcidenses
868 4044 894 4089 et
908 4042 968 4088 Ere-

196 4136 299 4187 triensts
306 4134 386 4196 hello,
402 4131 601 4184 Chalcidensibus
613 4128 705 4181 auxilio
717 4129 820 4178 venerat
831 4138 888 4174 cum
896 4124 972 4173 Thes·

196 4224 304 4275 saiorum
314 4222 398 4286 copiis.
413 4220 567 4271 videbantur
578 4221 661 4267 sutem
675 4214 848 4267 Chalcidenses
859 4210 969 4276 peditatu

196 4310 364 4369 salinatore,
376 4307 421 4358 sed
435 4307 531 4371 equita
542 4304 651 4356 hostium
664 4302 755 4367 pellere
763 4300 843 4365 magni
855 4301 909 4349 erat
927 4309 969 4346 ar·

197 4398 289 4461 inque
296 4410 336 4449 res
343 4395 447 4448 laboris:
455 4395 538 4457 itaque
548 4390 721 4445 Cleomachus
730 4388 790 4439 socii
796 4386 968 4447 hortabantur,

197 4500 285 4551 magno
296 4485 378 4537 virum
391 4482 487 4544 anima,
500 4484 529 4533 ut
545 4480 640 4545 primus
655 4477 791 4541 oluihtum
807 4474 923 4525 hostilem
932 4475 972 4523 in·

196 4574 342 4625 inderetis
357 4586 387 4623 εκ
399 4569 492 4621 smnio
503 4568 547 4632 qui
557 4581 607 4617 ιιπιι
622 4566 710 4617 aderat
721 4562 852 4627 cunaldi,
872 4564 971 4625 spacta-

197 4664 267 4711 tornc
291 4672 346 4711 esse
367 4654 508 4711 cenanlnis

193 4746 303 4811 juvenis,
323 4745 459 4810 blandoque
473 4742 629 4795 exosculatus
650 4740 743 4804 galeam
757 4736 780 4787 ei
796 4735 970 4799 imposuisset,

1030 3818 1071 3870 cui
1081 3816 1215 3867 etiamnum
1226 3824 1315 3875 magna
1332 3806 1425 3858 insistit
1440 3804 1569 3863 columna3
1583 3815 1709 3865 quumque
1727 3803 1799 3851 antea

1025 3904 1163 3955 masculum
1184 3894 1566 3959 amoremritupcrassent,tu1n
1581 3890 1635 3939 aliis
1653 3889 1730 3953 magis
1742 3903 1797 3939 am-

1023 3994 1090 4058 plesi
1101 3993 1159 4041 sunt
1166 3992 1241 4052 atquo
1251 3986 1441 4036 honoraverunt.
1450 3979 1563 4042 Alioquin
1575 3977 1718 4028 aristoteles
1726 3977 1798 4027 Cleo-

1024 4080 1141 4131 machum
1151 4077 1251 4142 quidem
1260 4074 1387 4123 mortuum
1398 4083 1453 4120 esse
1462 4067 1561 4125 scribit,
1577 4080 1656 4130 quum
1666 4078 1746 4128 pugna
1760 4063 1797 4111 vi·

1025 4168 1098 4219 cisset
1103 4165 1253 4216 Eretrienses
1263 4180 1271 4212 ε
1280 4174 1338 4211 eum
1344 4172 1404 4209 vero
1412 4156 1454 4207 cui
1462 4155 1573 4205 οεοιιῖιιιιι
1579 4152 1686 4203 annius
1692 4150 1797 4209 dederit,

1024 4255 1101 4307 luisse
1111 4254 1143 4304 de
1153 4246 1373 4304 Chalcidensibuse
1383 4243 1498 4307 Thracia,
1511 4243 1614 4292 missum
1626 4238 1717 4289 auxilio
1729 4237 1799 4288 Chal-

1024 4342 1165 4396 cidensibus
1170 4336 1350 4391 Euhoeeaslbus
1361 4354 1368 4385 ε
1378 4332 1527 4397 itaquecani
1535 4329 1601 4394 apud
1607 4326 1779 4378 Chalcidenses
1791 4346 1797 4375 :

1106 4475 1128 4519 0
1140 4471 1214 4528 gratia
1222 4467 1374 4526 patribusque
1382 4462 1484 4509 tortihus
1492 4459 1579 4517 cuibus
1588 4458 1669 4515 obsint
1679 4459 1759 4510 attere.

1081 4554 1183 4597 restrum
1193 4548 1265 4595 nolite
1273 4546 1340 4593 honis
1349 4554 1431 4600 negare
1443 4543 1536 4595 dorem,

534 4654 637 4707 vehet:
671 4663 797 4716 quumque
825 4648 973 4699 arm-mmet
1079 4622 1521 4680 namcumrirtnteslmulcytherelar

1081 4710 1182 4757 celebrat
1190 4719 1247 4766 puer
1261 4706 1330 4752 urbes
1339 4702 1491 4750 Chalcidicas.

196 4834 261 4885 clato
268 4833 319 4896 iam
326 4833 406 4883 auimo
413 4831 583 4889 Cleomachus.
593 4827 766 4880 Thessalorum
774 4822 873 4888 optimis
880 4822 973 4873 circum
1057 4828 1188 4896 Dionysius
1208 4826 1280 4889 poeta
1295 4823 1321 4873 in
1337 4821 1421 4883 ntis,
1437 4800 1556 4894 hntoh‘cin
1570 4813 1699 4875 amatoris,
1712 4809 1800 4860 ahthsli

199 4937 226 4972 se
241 4920 362 4983 collectis,
375 4919 490 4971 alacriter
503 4918 529 4969 in
540 4918 636 4969 hostem
647 4915 733 4974 irruit,
746 4913 780 4962 ita
795 4911 972 4974 ut·equiiatum

198 5022 284 5059 aarum
303 5006 461 5057 conturbaret
480 5010 555 5070 atque
581 5004 706 5066 disjiceret
726 5020 733 5051 ε
760 5000 868 5063 fugaque
885 4998 974 5049 eiinde

197 5096 272 5146 etiam
289 5094 372 5159 gravis
393 5097 526 5145 armaturas
545 5092 650 5143 militurn
670 5092 743 5149 tacta,
757 5090 783 5139 ri
798 5086 972 5139 Chalcidenses

198 5182 327 5233 victoriana
340 5180 422 5245 adepti
434 5185 504 5243 snnt,
518 5178 665 5231 Cleomacho
675 5182 756 5229 tamen
771 5177 887 5242 inpugna
900 5175 974 5225 inter·
1015 5229 1021 5240 ,

200 5272 273 5323 iccio
285 5272 344 5335 Ejus
356 5268 513 5334 sepulchrum
527 5268 553 5319 in
564 5269 617 5319 toro
630 5268 768 5319 monstrant
787 5263 973 5323 Chalcidenses,

1024 4932 1112 4971 nomen
1124 4914 1255 4967 Philistum
1262 4911 1353 4975 prodit.
1485 4972 1488 4978 Ι

1301 4984 1523 5100 (Citbllloittiit.)

1392 5152 1446 5197 tit.

1058 5258 1202 5311 Aristotcles
1216 5258 1325 5320 οτοριιιο
1337 5252 1434 5303 (iream
1448 5243 1567 5297 οοιιιῖοετῖ
1577 5241 1646 5294 dicit.
1660 5242 1732 5293 drea
1741 5250 1801 5289 vcra
