4017 5984
786 491 837 552 DE
859 488 1108 552 ANthLlBUS.

462 617 497 674 5⁵
517 617 610 694 (²90)-

186 757 361 838 Apollonius
382 755 490 815 lllirab.
507 778 533 815 c.
557 757 594 817 28
612 775 619 815 :
635 752 875 835 Ἀριστοτέλης
890 753 917 812 έν

148 854 201 913 τοῖς
219 845 338 910 Ζωικοῑς·
360 871 372 895 ι
387 843 422 905 Ὁ
437 843 526 926 ῥύπος,
541 841 628 924 ρηαέν,
641 845 668 902 ἰν
682 850 734 908 τοῖς
747 843 867 921 ὠταρέοις
880 865 919 920 γι-

145 933 271 1012 γνόμενος
285 931 376 1012 πικρὸς
392 929 439 1004 ὤν,
455 930 517 990 ὅταν
530 932 654 991 τελευτᾶν
671 931 802 1005 μέλλωσιν
817 930 843 987 έν
861 932 930 994 ταῖς,

148 1029 261 1101 μακραῖς
277 1018 361 1086 νόσοις
375 1017 469 1097 γλυκὺς
492 1019 602 1098 γίνεται.
627 1019 740 1079 »Τοῗιτο
759 1015 805 1095 δέ,
825 1015 916 1098 φησίν,

148 1105 364 1188 παρατετήρηται
387 1107 430 1167 ἐπὶ
451 1109 554 1166 πολλῶν
571 1106 732 1187 γιγνόμενον.
755 1104 916 1165 ’λποδέδωκε

149 1197 176 1256 δέ
191 1195 236 1255 xnl
245 1194 293 1267 τὴν
306 1194 391 1254 αἰτίαν
401 1199 446 1254 τοῦ
454 1195 606 1276 γιγνομένου
620 1199 647 1254 έν
661 1198 715 1261 ταῖς
728 1202 845 1276 φυσικοῖς
857 1216 920 1272 προ·

148 1284 294 1361 ὅλήμασιν.
313 1284 356 1343 Cl.
371 1285 461 1345 Arist.
478 1283 581 1343 Probi.
602 1283 723 1354 xxxii,
747 1291 763 1352 ἱ.
782 1303 789 1342 :
806 1281 857 1342 Aah
871 1279 922 1340 τέὸ

149 1377 176 1432 έν
191 1381 244 1440 τοῖς
260 1372 310 1432 ὠσὶ
336 1372 415 1452 ῥύπος
431 1373 521 1454 πικρός
544 1375 632 1444 έοτιν;
655 1371 673 1443 ἢ
693 1371 758 1429 διότι
772 1370 849 1450 ἱδρώς
866 1371 921 1428 ἐστι

151 1461 256 1540 σαπρές·
272 1459 341 1519 ἔστιν
357 1450 401 1518 οὖν
414 1461 530 1541 ἁλμυρὸν
546 1461 657 1542 σαπρόν,
672 1460 702 1518 τὸ
717 1460 744 1518 δέ
758 1458 857 1537 σαπρὸν
875 1457 922 1515 ἂλ-

149 1551 229 1628 μυρὸν
244 1548 357 1628 πικρόν..

463 1691 500 1748 56
522 1689 614 1769 (²9¹)-

192 1835 357 1896 llustathius
376 1835 406 1892 in
428 1835 513 1893 Iliad.
538 1854 568 1911 p.
594 1853 660 1904 τις,
684 1852 721 1889 ao
746 1850 754 1890 ε
777 1829 857 1891 Ὅθεν
879 1829 924 1888 καὶ

151 1929 205 2005 ζῷα
218 1923 309 1984 iunxit
324 1924 379 2002 παῤ
393 1916 634 2000 Ἀριστοτέλει
646 1917 680 1977 τὰ
691 1920 750 1977 καθ’
764 1917 856 1986 ὕδατος
865 1917 926 1976 δυό-

152 2037 229 2089 μενοι.

467 2129 503 2201 57
527 2127 620 2207 (αμα).

194 2269 322 2330 Eustalh.
352 2270 381 2327 in
408 2268 491 2329 Iliad.
515 2289 545 2346 p.
577 2269 651 2339 481,
676 2269 712 2325 35
739 2287 745 2326 :
768 2265 847 2344 Τάχα
868 2268 926 2323 καθ’

153 2358 295 2434 ὁμοιότητα
313 2361 359 2416 τοῦ
385 2357 498 2426 ὀπτητὸν
523 2358 602 2416 ὀπτὸν
627 2355 728 2434 εἴρηται
756 2357 820 2434 παρ’
838 2355 927 2434 Ἀρι-

154 2444 313 2507 στοτέλεί
335 2445 382 2505 καὶ
403 2445 496 2524 έρτττὸν
521 2447 551 2505 τὸ
565 2445 685 2523 ἑρπετόν.
703 2445 748 2504 Cs.
771 2445 802 2503 in
819 2443 926 2520 Odyss.

156 2554 184 2611 p.
203 2533 289 2604 1502,
306 2531 342 2599 51.
361 2553 368 2587 :
383 2528 457 2611 Ὅρα
471 2530 498 2590 δέ
521 2533 554 2588 τὰ
576 2529 672 2606 ἑρπετὰ
687 2533 721 2596 ὡς
733 2529 778 2587 καὶ
792 2531 822 2586 τὰ
845 2531 929 2608 ἔμπη-

155 2617 233 2678 στιιιὰ
244 2617 333 2696 (corr.
352 2617 517 2696 έρπυστιιιλ),
527 2619 573 2677 οὐκ
585 2617 693 2676 ἀπὸτοῦ
707 2615 778 2695 ἕρπω
789 2614 929 2694 βαρυτὸνου

154 2706 313 2787 παρηγμένα
328 2697 357 2764 οὗ
371 2707 529 2786 παράγωγον
543 2705 573 2764 τὸ
585 2705 693 2784 ἑρπετὸν
707 2703 832 2781 κατέιἈρ
842 2727 929 2764 ιστο-

156 2795 268 2866 τέλην,
293 2794 351 2854 ἀλλ’
364 2793 417 2852 ἀπὸ
431 2793 633 2872 περισπωμένου
645 2791 758 2871 ἀρρήτου
780 2795 826 2851 τοῦ
843 2794 929 2868 ipati),

156 2884 197 2942 ivn
215 2873 233 2962 ᾖ
253 2887 287 2950 ὡς
301 2885 368 2942 τελῶ
381 2881 479 2940 τελέσαι
495 2881 626 2952 τιλεστόν,
641 2881 722 2946 οὕτως
735 2882 807 2960 έρπῶ
830 2877 932 2958 έρπέσω

157 2971 291 3050 ἑρπεστόν,
302 2971 348 3028 καλ
357 2973 472 3050 ἰκδρομῇ
483 2975 529 3028 τοῦ
546 2995 563 3030 o
573 2969 691 3045 ἑρπετόν.

195 3061 250 3119 Vix
271 3073 342 3138 puto
362 3072 470 3118 rectum
492 3057 652 3136 essequod
679 3055 841 3136 suspicatus
866 3069 931 3114 erat

158 3149 318 3208 Lobeclius
333 3170 361 3209 ν.
386 3150 423 3208 cl.
450 3151 480 3221 in
503 3149 677 3222 Pathologr'ae
692 3154 780 3224 groect'
799 3152 932 3202 sermonis

157 3242 313 3306 clementis,
338 3249 356 3296 t.
384 3240 409 3307 1,
425 3257 454 3313 p.
470 3243 540 3308 αρτ,
565 3234 649 3292 malis
665 3231 815 3291 codicibus
829 3233 930 3309 decep-

157 3339 217 3383 tum
240 3344 302 3383 esse
323 3323 513 3394 Eustathium,
528 3323 619 3380 immo
635 3321 711 3380 hunc
733 3333 762 3378 et
782 3339 867 3397 quem
888 3340 934 3378 su-

160 3433 212 3491 pra
224 3413 373 3471 attulimus
388 3413 484 3470 locum
497 3409 617 3468 eZoicis
630 3408 725 3480 duxit,
740 3407 892 3486 inquibus
906 3422 933 3466 et

159 3504 215 3560 alia
231 3501 321 3559 multa
338 3501 424 3560 fuisse
443 3499 586 3558 vocabula
606 3497 643 3555 ab
655 3497 810 3556 Aristotele
827 3497 930 3568 aliena,

157 3591 217 3666 jam
241 3589 352 3648 dictum
378 3602 431 3646 est.
453 3587 538 3665 Apud
566 3587 723 3662 genuinum
747 3585 931 3642 ¹Aristotelem

160 3679 191 3734 in
212 3677 286 3737 llist.
298 3677 354 3734 An.
366 3680 391 3746 Ι,
411 3697 422 3731 ι
440 3677 512 3732 etde
522 3673 660 3731 Partibus
677 3673 798 3733 animal.
815 3672 864 3743 lv,
885 3695 930 3744 10,

161 3761 315 3842 ἑρπυστοιόν
328 3764 450 3838 legitur3
468 3761 574 3838 ἑρπετόν
594 3781 665 3819 vero
678 3759 782 3820 lllirab.
799 3761 930 3820 Ausculr.

160 3843 341 3922 c.115·;lv‚
365 3870 395 3927 p.
419 3849 469 3924 96,
487 3850 533 3920 18,
553 3861 581 3904 et
596 3851 665 3925 ,¹3⁰2
680 3867 709 3926 p.
728 3867 778 3922 99,
805 3847 840 3913 34
856 3858 883 3902 et
899 3847 934 3903 de

159 3939 318 3998 lloloribus
334 3960 360 3997 c.
375 3941 404 4009 6,
417 3939 484 3996 item
498 3937 533 3995 de
548 3936 658 3996 Mundo
671 3957 697 3995 c.
712 3957 739 4007 7.

174 4112 496 4190 illamentatum
513 4113 600 4171 nunt
620 4108 724 4194 ερον
739 4109 919 4188 utuntur.)

201 4291 340 4370 Superest
370 4290 440 4349 'satis
465 4307 586 4366 magnus
616 4287 843 4362 fragmentorum
874 4308 935 4346 nu-

162 4399 270 4451 merus,
284 4380 315 4438 in
324 4377 521 4456 quibusvaria
531 4377 567 4436 de
580 4375 757 4435 animalibus
768 4375 933 4456 traduntur,

165 4467 297 4526 fabulosa
308 4468 449 4546 pleraque
470 4480 499 4524 et
516 4467 604 4538 salsa,
629 4465 735 4542 partim
758 4466 845 4523 etiam
858 4466 937 4523 hris-
960 4465 964 4496 ¹

162 4632 331 4696 capitistradit
350 4632 375 4681 in
394 4632 471 4696 longis
490 4631 581 4680 morbis
600 4643 647 4680 non
662 4631 784 4680 tabescere
803 4629 935 4680 interituris

164 4721 268 4784 aegrotis,
281 4721 322 4770 sed
335 4720 434 4770 inveniri
446 4719 471 4769 in
488 4718 660 4780 pulvinaribus,
673 4717 702 4767 ati
715 4731 770 4782 qua·
784 4718 884 4768 desertis
899 4731 936 4768 ca·

165 4809 253 4872 pitibus
265 4811 409 4871 aegrotorum
418 4811 551 4858 transeant.

533 4925 571 4970 ⁵5.

198 5033 338 5084 Aristoteles
353 5033 378 5084 in
391 5033 466 5084 zoicis
484 5033 568 5083 sordes
588 5031 661 5082 tradit
673 5043 728 5094 qua
737 5030 762 5080 in
777 5029 876 5080 auribus
885 5041 938 5078 nas·

167 5127 263 5182 runnu,
275 5134 349 5184 quum
360 5119 407 5172 nint
420 5119 523 5181 alioquin
533 5132 631 5182 amara,
643 5117 765 5169 morituris
778 5116 828 5166 lieri
837 5115 936 5167 dulces:

169 5209 240 5278 irque
252 5209 361 5259 inmollis
374 5221 428 5259 esse
438 5208 600 5259 observatum.
608 5209 639 5258 et
651 5218 747 5257 musam
758 5204 792 5255 rel
804 5207 902 5267 exponit
916 5203 940 5254 in

170 5299 350 5358 Quaslionibus
360 5278 516 5349 naloralibus.

1686 489 1742 546 185

974 613 1061 671 totcle
1073 629 1197 690 prorsus
1213 609 1345 685 indigna,
1364 629 1429 686 quae
1441 622 1536 666 tamen
1557 608 1638 666 nullo
1658 611 1743 666 modo
1786 607 1794 621 '

973 701 1010 759 ad
1023 699 1179 758 Zoicorum
1195 697 1288 756 libros
1304 697 1407 756 referri
1430 710 1562 775 possunt.
1577 694 1662 753 Unde
1675 716 1744 754 sero

974 791 1064 868 petita
1075 789 1145 860 sint,
1161 788 1191 847 id
1207 806 1244 846 ne
1258 785 1426 863 conjectura
1447 784 1566 862 quidem
1584 784 1655 843 satis
1667 793 1745 843 c‘erto

973 877 1099 936 indicari
1134 889 1248 954 potest,
1281 875 1337 933 nisi
1367 873 1446 951 quod
1473 874 1542 950 jure
1570 873 1744 950 suspiceris,

975 967 1116 1044 pleraque
1144 984 1203 1020 non
1226 982 1263 1021 ex
1286 962 1381 1039 ipsius
1402 961 1565 1021 Aristotelis
1590 959 1674 1018 libris
1696 961 1745 1018 de·

979 1065 1095 1131 sumpta
1108 1071 1186 1125 esse,
1202 1051 1252 1127 secl
1273 1049 1485 1116 elilirabilium
1508 1050 1632 1126 quadam
1647 1049 1756 1107 culleo-¹

979 1143 1071 1213 tione,
1085 1159 1176 1218 eaque
1191 1139 1282 1198 multo
1303 1158 1389 1216 quam
1405 1158 1470 1215 quae
1487 1138 1564 1195 inter
1578 1137 1746 1214 philosophi

976 1228 1073 1287 libros
1103 1241 1218 1287 servata
1244 1240 1305 1298 est,
1330 1226 1477 1303 ampliori.
1507 1225 1551 1282 De
1572 1245 1629 1302 qua
1654 1237 1748 1282 tamen

977 1337 1046 1376 cave
1067 1317 1193 1394 accipias
1218 1315 1297 1392 quod
1322 1314 1399 1392 apud
1423 1313 1598 1392 Stephanum
1622 1312 1692 1389 Byr.
1719 1334 1748 1371 ν.

978 1403 1092 1464 Γελωνοί
1112 1404 1143 1462 in
1168 1401 1322 1461 codicibus
1345 1402 1482 1477 legitur:
1505 1403 1541 1466 ὡς
1564 1399 1751 1479 Ἀριστοτέλης

980 1489 1094 1569 πέμπτῳ
1123 1490 1184 1569 περὶ
1214 1486 1367 1565 θαυμασίων
1396 1487 1585 1564 ἀκουσμάτων,
1616 1485 1668 1544 ubi
1696 1507 1751 1564 pro

979 1578 1106 1655 πέμπτῳ,
1118 1577 1305 1636 scribendum
1319 1597 1381 1634 esse
1392 1578 1418 1633 ἐν
1433 1578 1471 1653 τῷ
1482 1578 1590 1654 optime
1605 1575 1753 1652 perspexit

980 1687 1011 1726 v.
1034 1669 1068 1723 cl.
1085 1664 1117 1722 E.
1137 1663 1244 1736 Miller,
1258 1667 1379 1721 Journal
1400 1667 1450 1719 des
1468 1665 1597 1734 Sarrana,
1613 1680 1640 1718 a.
1666 1661 1750 1732 1840,

981 1774 1010 1832 p.
1033 1763 1062 1819 ί..
1077 1757 1157 1810 Patet
1170 1752 1262 1828 igitur
1272 1752 1377 1808 horum
1394 1750 1524 1808 omnium
1540 1750 1670 1806 locorum
1694 1768 1752 1805 non

981 1840 1119 1917 majorem
1141 1858 1205 1896 esse
1230 1839 1428 1895 anctoritatem
1451 1855 1536 1912 quam
1564 1836 1651 1893 totius
1670 1835 1753 1892 istius

981 1927 1158 2004 farraginis,
1175 1946 1240 2004 quae
1248 1924 1427 1984 hlirahilium
1442 1923 1690 1980 Auscultarionum
1705 1943 1755 1979 no-

982 2017 1072 2074 mine·
1086 2013 1271 2085 inscribitur,
1287 2014 1317 2071 in
1339 2031 1397 2090 qua
1412 2014 1464 2070 etsi
1482 2010 1613 2088 quaedim
1634 2011 1754 2068 latente

982 2103 1211 2180 genuinislibris
1224 2101 1393 2180 philosophi
1402 2113 1548 2174 excerpta,
1562 2099 1647 2176 plura
1659 2112 1754 2156 tamen

981 2191 1072 2250 dubia
1086 2204 1164 2263 sunt,
1180 2189 1320 2248 nonnulla
1334 2190 1420 2246 etiam
1436 2187 1587 2244 manifesto
1600 2201 1664 2262 post
1674 2187 1754 2244 liris·

981 2285 1077 2342 totelis
1089 2295 1199 2341 aetatem
1212 2274 1378 2358 conscripta
1392 2281 1438 2353 (cl.
1450 2279 1664 2347 ll'estermaon,
1681 2298 1755 2355 prae-

982 2373 1029 2428 sat.
1044 2373 1075 2429 in
1088 2371 1341 2448 Paradoaogroplr.
1355 2390 1385 2447 p.
1394 2367 1491 2441 XXV).
1505 2367 1676 2443 Quanquam
1687 2385 1757 2423 vero

983 2460 1024 2516 ita
1049 2460 1132 2518 lacile
1152 2458 1216 2515 lieri
1238 2458 1351 2535 potuit,
1368 2469 1411 2532 ut,
1428 2475 1493 2533 quae
1516 2454 1638 2511 aliorum
1662 2468 1755 2524 erant,

985 2547 1136 2604 Aristoteli
1156 2545 1370 2613 tribuerentur,
1391 2542 1494 2601 dubito
1516 2554 1611 2599 tamen
1630 2561 1667 2598 an
1688 2542 1758 2599 satis

986 2633 1079 2690 sirmis
1094 2631 1272 2707 argumentis
1291 2630 1411 2708 probari
1426 2629 1529 2708 possit,
1551 2629 1582 2687 id
1609 2625 1687 2706 quod
1704 2629 1758 2686 llo·

984 2722 1046 2778 sius
1059 2719 1117 2777 sibi
1133 2718 1286 2796 persuasit,
1303 2719 1334 2774 in
1348 2717 1428 2774 hisce
1443 2715 1580 2772 omnibus
1591 2717 1758 2774 Aristotelis

984 2820 1014 2864 et
1025 2805 1218 2882 Theophrasti
1234 2804 1353 2863 nomina
1368 2803 1479 2879 ubique
1493 2803 1615 2860 confusa
1627 2819 1702 2872 esse,
1720 2804 1758 2860 ita

985 2908 1017 2951 ut
1043 2897 1141 2971 potius
1165 2893 1242 2950 inter
1272 2891 1557 2968 Theophrasteorum
1583 2889 1758 2966 scriptorum

986 2980 1127 3057 reliquias
1151 2979 1212 3037 haec
1236 2979 1395 3054 fragmenta
1417 2976 1583 3053 reponenda
1599 2989 1702 3034 essent.
1718 2976 1760 3034 Ne

985 3067 1063 3125 enim
1074 3066 1146 3125 illud
1157 3079 1266 3125 tantum
1277 3066 1363 3123 morlo
1374 3063 1525 3142 objiciam,
1535 3063 1720 3124 Aristotelem
1731 3079 1759 3122 et

986 3154 1219 3233 Theophrastum
1241 3154 1385 3213 interdum
1401 3151 1577 3229 conjunctim
1594 3151 1755 3220 nominari,

989 3256 1020 3300 ut
1043 3245 1121 3320 apud
1142 3258 1287 3301 auctorem
1309 3240 1542 3317 Geoponicotum
1560 3237 1609 3316 (cs.
1634 3239 1711 3295 iufra
1728 3239 1761 3297 ir.

989 3333 1027 3403 7),
1052 3331 1160 3388 nullam
1192 3331 1278 3389 video
1302 3345 1432 3394 causam.
1448 3348 1501 3386 cur
1516 3348 1574 3385 non
1594 3326 1685 3385 multa
1709 3345 1760 3383 eo-

987 3436 1051 3474 rum
1066 3416 1201 3493 quaejam
1216 3415 1395 3484 Aristoteles,
1413 3415 1475 3472 sive
1489 3433 1586 3490 verus,
1600 3413 1663 3471 sive
1674 3412 1761 3470 falsus

988 3516 1174 3576 narraverat,
1203 3525 1220 3561 a
1255 3503 1457 3581 'l'lteophrasto
1486 3520 1603 3579 quoque
1634 3503 1667 3558 in
1693 3519 1759 3576 suas

986 3592 1172 3650 collectiones
1187 3593 1288 3650 referri
1305 3591 1465 3669 potuerint.
1478 3590 1578 3666 Neque
1591 3588 1666 3646 illud
1683 3608 1762 3665 prae-

987 3678 1158 3737 tereundum
1188 3693 1247 3746 est,
1274 3679 1343 3737 satis
1366 3697 1497 3754 magnam
1517 3678 1637 3742 fortasse
1651 3691 1761 3756 partem

988 3767 1087 3824 talium
1107 3765 1288 3824 mirabilium
1303 3785 1320 3822 a
1335 3762 1548 3840 posterioribus
1570 3782 1607 3821 ex
1620 3781 1710 3840 opere
1727 3766 1763 3821 de

988 3855 1086 3913 llehus
1102 3854 1229 3931 publicis
1245 3866 1274 3912 et
1290 3872 1307 3910 e
1320 3852 1463 3909 Nomimis
1481 3848 1615 3908 barbaris
1629 3863 1763 3927 excerpta

990 3943 1088 4003 luisse.
1107 3943 1150 4000 De
1164 3943 1217 4000 hac
1236 3960 1306 4000 vero
1321 3961 1353 3999 re
1366 3938 1502 4018 pluribus
1516 3938 1592 3995 infra
1603 3937 1761 3995 videndum

991 4031 1059 4090 erit.

1031 4116 1125 4176 Locos
1137 4119 1243 4177 AEliani
1258 4117 1294 4176 de
1313 4116 1376 4174 Nat.
1391 4113 1509 4174 animal.
1523 4112 1559 4182 ll,
1586 4121 1619 4178 rt
1634 4126 1663 4170 et
1677 4114 1763 4171 Anti-

992 4205 1061 4279 μοιτί
1079 4205 1208 4264 Mirabil.
1232 4227 1257 4265 c.
1281 4226 1319 4263 ao
1335 4217 1365 4262 et
1384 4203 1436 4271 25,
1452 4202 1503 4278 qui
1525 4213 1593 4258 sunt
1608 4200 1765 4275 fragmenta

993 4293 1063 4364 317,
1086 4295 1153 4366 322,
1179 4294 1236 4351 323
1258 4292 1335 4370 apud
1362 4291 1499 4360 llosium,
1524 4290 1555 4346 in
1577 4287 1766 4364 sequentibus

992 4380 1127 4439 consulto
1158 4381 1328 4456 omisimus,
1359 4396 1448 4456 quum
1476 4376 1579 4435 iisdem
1603 4374 1702 4433 verbis
1726 4376 1766 4434 lc-

994 4480 1099 4543 gantur
1113 4467 1145 4525 in
1161 4466 1289 4526 hlirabil.
1306 4464 1436 4523 Auscult.
1451 4484 1477 4522 c.
1494 4463 1542 4534 οδ,
1557 4465 1605 4534 30,
1617 4463 1664 4522 66.

1363 4636 1400 4680 56.

1022 4746 1139 4795 Animalia
1149 4746 1231 4796 ὀοτιιιὰ
1247 4744 1310 4808 apud
1319 4705 1468 4794 Arislolelem
1481 4744 1663 4805 vocanturque
1679 4753 1764 4804 aquam

991 4835 1103 4884 subeunt.

1360 4953 1398 4997 57.

1024 5063 1091 5128 Αρυά
1108 5062 1260 5114 Ατίσίοιειοιτι
1274 5061 1356 5145 spuria
1376 5059 1408 5120 li·
1426 5073 1449 5110 e.
1463 5059 1576 5123 reptile)
1589 5061 1689 5107 vocatur
1701 5053 1766 5118 quod

993 5153 1048 5204 alibi
1061 5151 1165 5216 ἑρπετόν.

1432 5236 1447 5265 Θ
