4017 5984
901 463 1063 526 lliALOGl.
1747 475 1785 534 37

182 588 297 670 eiilbp'
308 591 492 667 instripida
505 591 569 673 πρός
583 616 609 652 τι
619 596 707 674 χεῖρον
721 592 752 670 (ἢ
767 593 867 670 πρὸςτὸ
875 597 962 673 χεῖρον
1012 597 1151 656 Bournot.
1176 603 1325 658 Platonica
1360 605 1516 660 Aristotelis
1542 605 1692 678 opuscula,
1719 604 1788 663 Put-

185 681 279 756 lletn.)
293 677 311 750 ἢ
325 681 360 746 ὡς
369 679 505 748 καλλίονάς
514 702 582 750 τινος
592 680 733 826 ἐρόμενον,
742 681 773 741 τό
788 680 815 740 tl
828 685 895 742 θεῖον
904 682 961 742 οὐδὲ
1008 685 1079 758 bus,
1107 687 1181 744 1853
1197 708 1229 765 p.
1244 709 1289 758 17,
1303 689 1437 748 evincere
1463 704 1585 749 conetur
1607 692 1671 770 ipsa
1694 693 1784 752 verba

181 767 296 846 κρεῖττόν
309 791 333 826 τι
347 767 403 848 ἔχει
417 771 508 827 ἑαυτοῦ
525 769 598 848 θρί
623 768 865 847 pensitationem,
880 772 961 831 ἐκεῖνο
1008 775 1188 845 Aristotelis,
1219 775 1334 834 duobus
1350 789 1460 835 tantum
1480 778 1553 836 loeis
1576 778 1750 858 interpolata
1771 801 1783 841 τ

181 855 231 934 γὰρ
241 853 273 912 ἂν
284 845 317 927 ἦν
327 856 463 935 θειότερον,
476 853 535 916 οὗτε
549 856 601 916 ὑπὸ
608 855 724 934 χείρονος
736 855 766 915 τό
778 863 895 936 κρεῖττον
913 857 963 916 πό·
1008 863 1052 920 καὶ
1066 863 1155 937 μέντοι
1173 905 1207 925 ...
1222 865 1248 921 ἐν
1269 865 1358 942 ἐκείνῳ
1378 866 1486 944 φαῦλον,
1506 880 1535 924 et
1549 864 1616 940 μήτε
1631 866 1657 924 ll
1671 867 1727 946 ἔχει

182 965 254 1021 σχειν
266 942 339 1019 θέμις
352 943 417 1017 teet,
434 942 684 1022 ἀμιτιίόλητονιίρα
695 943 766 1004 ἐστί·
778 943 824 1004 καὶ
836 943 926 1020 μέντοι
939 949 961 1004 εί
1008 948 1180 1026 προσέλαόιν,
1196 953 1341 1028 exscripta
1367 951 1455 1011 luisse
1466 973 1484 1010 a
1493 953 1656 1031 Simplicio,
1682 955 1785 1015 Rosius

182 1031 232 1089 ὑπὸ
242 1029 369 1111 χείρονστ,
381 1033 479 1112 φαῦλον
492 1031 523 1088 tis
533 1055 559 1091 τι
573 1030 799 1110 προσιλιίμόανιν,
808 1032 880 1093 οὐδὲν
893 1031 920 1091 il
934 1035 961 1091 is
1010 1057 1125 1096 omnem
1148 1039 1237 1116 hujus
1260 1039 1414 1115 fragmenti
1435 1043 1636 1100 auctoritatem
1659 1044 1786 1102 evellere

182 1119 272 1199 ἐκείνῳ
287 1121 396 1200 φαῦλον.
415 1118 485 1178 Ἀλλ’
508 1121 566 1178 οὐδὲ
580 1121 658 1179 ἑαυτὸ
673 1118 835 1198 presidiiis
848 1122 959 1186 ὡςκσλ·
1007 1126 1137 1195 studeat,
1161 1126 1307 1184 affirmans
1327 1138 1414 1184 totam
1435 1127 1590 1205 Simplicii,
1615 1148 1664 1186 seu
1685 1132 1785 1207 potius

181 1205 263 1272 λίονός
270 1205 476 1286 τινσςέρίμινον,
487 1207 544 1266 οὐδὲ
553 1205 815 1288 γὰρένδιὲςθστιτῶν
822 1207 902 1266 αὐτοῦ
912 1232 959 1268 κα·
1012 1213 1186 1284 alexandri,
1204 1233 1290 1290 quem
1305 1216 1448 1290 sequitur,
1472 1218 1753 1290 argumentationem
1766 1237 1783 1276 e

181 1296 232 1351 λῶν
247 1293 355 1361 οὐδενός·
368 1292 496 1371 sipirtus
513 1296 572 1355 οὐδὲ
586 1294 650 1373 πρὸς
661 1293 690 1352 τὸ
709 1302 814 1375 χεῖρον,
835 1294 876 1352 ὅτι
889 1293 957 1372 μηδὲ
1007 1301 1134 1359 Platonis
1147 1301 1227 1372 locu,
1239 1319 1329 1377 vquem
1348 1301 1451 1359 asserat
1462 1301 1585 1380 llepubl.
1601 1302 1648 1375 ll,
1665 1325 1693 1382 p.
1709 1306 1780 1377 380,

183 1382 316 1460 ἅνθρωπος
337 1379 404 1440 ἑκὼν
419 1381 511 1440 ἑαυτὸν
529 1383 610 1463 χείρω
627 1383 713 1457 ποιεῖ,
731 1382 798 1458 μήτε
819 1381 845 1440 δὲ
864 1381 958 1462 ἔχεται
1004 1401 1033 1444 et
1047 1388 1139 1465 ipsius
1154 1388 1318 1447 Aristotelis
1334 1387 1436 1447 verbis
1448 1389 1599 1448 contineri.
1620 1389 1654 1447 ln
1670 1411 1727 1469 qua
1741 1406 1785 1450 tn·

182 1471 277 1549 φαῦλον
296 1471 377 1546 μηδὲν
387 1470 451 1551 ὅπερ
464 1470 495 1528 ἂν
508 1472 538 1530 ἐκ
549 1477 595 1544 τῆς
607 1474 644 1539 είς
657 1471 686 1530 τὸ
700 1478 788 1550 χεῖρον
808 1469 957 1548 petrioli:
1008 1493 1074 1532 men
1101 1495 1132 1532 te
1157 1475 1244 1550 longe
1267 1476 1350 1534 illum
1377 1495 1394 1532 a
1418 1494 1489 1533 vero
1515 1474 1662 1534 aberrasse
1682 1491 1754 1554 puto
1774 1500 1782 1535 τ

181 1555 352 1639 προσίλαόιν·
367 1558 411 1616 καί
423 1557 521 1630 ταύτην
534 1557 562 1618 δὲ
576 1557 682 1618 ἀπὸτοῦ
692 1555 811 1636 δεοτίρον
823 1561 868 1629 τῆς
884 1554 959 1618 Πλοί-Ι
1009 1563 1157 1620 nonenim
1177 1563 1264 1620 video
1290 1583 1342 1620 cut·
1365 1564 1471 1620 mirum
1494 1575 1570 1620 esset
1598 1563 1781 1621 Aristotelem

181 1667 261 1712 stetit
275 1644 415 1712 Πολιτείας
429 1644 608 1725 Ἀριστοτέλης
618 1642 801 1722 μετίλαὸετίιν
815 1643 956 1712 ἀπόδειξιν.
1006 1671 1070 1708 cum
1104 1652 1222 1708 Platone
1244 1652 1425 1723 consentire,
1446 1671 1534 1728 quum
1567 1648 1604 1708 ab
1628 1651 1694 1726 ipso
1708 1649 1784 1708 Sitn-

220 1731 326 1790 Eadem
351 1752 368 1792 e
391 1733 456 1791 cod.
476 1733 570 1794 Paris.
590 1731 771 1808 tqtoedidit
790 1731 957 1805 [lavaissom
1006 1740 1128 1816 plicio,
1156 1740 1200 1798 vel
1225 1761 1284 1816 quo
1308 1760 1377 1803 usus
1402 1752 1446 1798 est
1467 1754 1608 1810 auctore,
1633 1739 1787 1817 adjiciatur

179 1823 261 1878 Esstu'
278 1841 326 1877 sur
340 1824 369 1876 la
380 1821 593 1895 Milapbysiqtoe
604 1820 767 1887 dirimit,
782 1831 802 1877 t.
820 1822 845 1888 Ι,
857 1838 888 1896 p·
908 1821 956 1890 67·
1004 1827 1086 1884 illum
1113 1828 1187 1886 itanc
1202 1830 1476 1903 argumentationem
1494 1848 1510 1885 e
1528 1827 1649 1885 Platone
1664 1826 1784 1885 desum·

179 1905 704 1984 Similiaquaedamhabet'lhentistius
715 1904 856 1980 Parapltn
868 1907 956 1966 intr.
1005 1916 1108 1993 psisse,

179 1993 217 2050 de
234 1993 313 2052 Caelo
333 1993 399 2070 (lat.
430 2014 466 2050 ex
491 1992 626 2052 hebraica
655 2011 731 2052 vers.
749 2011 815 2068 quae
838 1992 959 2070 ipsoex

179 2081 297 2138 arabica
310 2081 446 2139 translata
456 2077 526 2158 etat)
535 2080 585 2140 sol.
599 2081 632 2136 ιθ
644 2098 739 2148 verso,
750 2077 849 2141 l'enet.
865 2080 938 2152 1574
950 2101 957 2135 :

1677 1960 1681 1986 l

1319 2065 1461 2142 nn..)

179 2170 313 2244 Parsoepc
326 2175 399 2224 enim
417 2174 445 2223 iu
459 2170 540 2241 uulgi
556 2169 701 2241 plebisque
719 2169 755 2224 tie
769 2168 850 2222 rebus
864 2170 960 2224 diuinis

177 2258 407 2330 disputationibus
428 2261 581 2330 exponitur,
607 2261 718 2311 ontrtino
744 2267 956 2311 cortsentaneam

179 2363 248 2419 erse,
262 2350 377 2402 inomni
389 2365 422 2400 eo
433 2347 509 2419 quoti
518 2351 638 2418 primum
650 2356 692 2398 ert
706 2356 734 2398 et
749 2355 914 2414 ttetrentum,
928 2357 959 2398 ut

182 2434 302 2488 silvinum
318 2439 355 2488 sit
373 2435 536 2506 nullamque
557 2436 747 2488 titulationem·
764 2443 955 2504 consequatur.

180 2523 240 2578 ntus
252 2535 344 2577 autem
365 2523 492 2579 uidemus
507 2523 538 2575 id
558 2527 598 2576 ita
611 2540 641 2575 se
655 2520 759 2575 baim
780 2520 958 2593 qttentacimo·

180 2611 246 2666 dum
258 2613 362 2668 dicuat.
378 2611 461 2682 Quod
480 2615 564 2664 etiam
586 2629 651 2684 qua
665 2628 685 2663 a
704 2608 782 2664 nobis
799 2609 875 2662 dicta
895 2620 960 2662 stutt

179 2701 337 2774 coufirmat.
352 2700 425 2753 Nam
446 2699 566 2752 silvinum
579 2716 677 2770 corpur
691 2697 766 2770 quod
777 2700 805 2748 iu
827 2695 957 2748 circulum

171 2783 271 2857 firlm·
286 2785 413 2859 profecto
428 2805 484 2842 non
503 2796 688 2842 commutatur
710 2802 760 2838 nec
779 2787 956 2837 mutationem

179 2877 307 2930 arlrrtittit.
335 2877 464 2948 Alioquin
478 2879 503 2928 si
528 2883 751 2940 commutatatum,
775 2875 957 2926 necessarlum

172 2967 255 3030 soret
265 2975 295 3016 ut
306 2963 356 3018 uel
366 2980 404 3017 ea
411 2980 441 3016 se
451 2963 501 3017 uel
510 2964 547 3017 ab
557 2963 614 3016 alio
621 2965 800 3016 mutationem
810 2961 954 3030 reciperet.

179 3055 211 3108 Si
219 3052 256 3108 ab
269 3057 337 3118 alio,
352 3059 466 3110 omnino
479 3055 539 3108 ida
561 3072 614 3126 quo
636 3061 820 3106 commutatur·
839 3049 957 3104 nobilius

179 3147 331 3204 restitisset.
336 3145 432 3213 Quare
445 3161 593 3198 consontun
605 3152 693 3209 essct,
711 3150 741 3193 ut
749 3143 837 3212 ipsum
848 3155 899 3192 nec
909 3139 957 3191 di-

180 3233 269 3282 riuum
281 3245 332 3281 nec
347 3233 469 3302 primurn
480 3229 625 3285 diceretur.
643 3227 675 3284 Si
692 3245 760 3282 uero
777 3243 815 3280 ea
827 3241 867 3297 se,
887 3227 915 3278 in
930 3224 961 3276 td

177 3313 304 3386 lrmsecto
327 3328 494 3372 commearet
514 3318 590 3390 quod
609 3316 726 3370 nobilius·
747 3324 826 3368 esset.
851 3313 957 3366 Etenim

171 3403 284 3472 jairum
301 3422 334 3456 ac
349 3406 553 3459 dissentaneum
557 3402 648 3474 soret,
670 3416 701 3458 ut
718 3413 873 3457 nttttaretur
888 3405 915 3453 in
930 3400 961 3453 ltl

179 3492 254 3563 quoti
264 3495 369 3563 turpius
382 3511 417 3545 ac
430 3487 576 3563 ignobilius·
585 3497 743 3547 exstitisset.
757 3491 817 3544 Nec
835 3485 959 3556 tlejeettts

179 3584 208 3632 in
228 3598 260 3634 eo
274 3584 418 3646 inuenitur,
436 3578 528 3634 utboe
550 3583 660 3634 nomine
679 3575 781 3632 debeat
798 3582 826 3630 in
851 3577 959 3648 aliquid

179 3668 301 3722 nobilius
323 3687 358 3720 ac
371 3664 524 3740 perfectius
549 3672 665 3722 ululari.
679 3669 738 3721 Nec
751 3667 862 3719 destrunt
881 3676 959 3736 turpe

178 3759 344 3829 quippiam,
369 3767 400 3808 ut
423 3757 454 3807 td
476 3751 621 3825 fugitaret
645 3759 820 3828 eniteretque.
845 3753 956 3806 Ratione

180 3847 271 3914 igitar
281 3852 493 3895 consentaneam
504 3852 553 3906 est,
570 3846 787 3915 utsempiternus
802 3851 889 3893 motus
898 3843 959 3908 ejus·

179 3935 291 3994 existat,
302 3939 356 3983 etc.

223 4014 265 4071 lle
275 4013 331 4070 hoc
339 4011 485 4090 Simplicii
498 4014 563 4070 loco
571 4026 627 4070 tam
637 4012 790 4070 contrariae
801 4013 914 4070 interae
924 4015 955 4068 in

182 4101 311 4158 medium
327 4100 448 4178 prolatae
464 4113 531 4157 sunt
546 4101 709 4172 sententiae,
725 4113 771 4171 ut,
787 4119 876 4177 quum
889 4099 956 4156 Ber·

182 4187 296 4262 naysl.
313 4187 336 4246 l.
357 4207 388 4264 p.
413 4207 479 4262 ιιι,
504 4199 570 4263 post
584 4185 754 4246 Ravaisson.
769 4188 789 4246 l.
812 4190 830 4246 l.
852 4207 882 4264 p.
904 4186 953 4256 67.

178 4455 233 4518 quid
251 4456 347 4519 appelit.
369 4455 482 4506 liirinum
497 4470 554 4507 reto
566 4470 643 4521 neque
659 4457 731 4507 ltabet
749 4457 812 4520 qnod
825 4471 851 4507 se
866 4457 950 4505 melius

178 4544 208 4594 sil
223 4555 264 4609 per
279 4544 343 4608 quod
360 4545 499 4604 titulabitur,
514 4546 570 4596 illud
584 4547 647 4596 enim
662 4547 737 4610 magis
753 4547 861 4596 ditinum
873 4548 949 4604 essem

179 4647 256 4698 neque
270 4635 306 4684 las
327 4637 364 4684 est
378 4634 401 4685 iti
416 4637 479 4699 quoti
494 4637 579 4686 melius
592 4637 623 4687 sil
640 4651 653 4686 a
671 4636 788 4687 deletione
803 4636 865 4686 albei
878 4657 884 4686 :
897 4649 951 4685 mu-

178 4722 222 4770 tati
242 4722 312 4785 igilur
328 4723 419 4785 nequit.
444 4725 474 4772 Et
495 4724 600 4786 prolecto
619 4725 668 4774 sia
688 4723 889 4786 deteriore,mali
912 4724 951 4773 ali·

178 4805 233 4872 quid
245 4808 384 4872 susciperet,
396 4809 420 4859 itt
435 4809 475 4858 liin
489 4815 568 4860 autem
581 4810 639 4860 niltll
653 4813 689 4861 est
703 4810 768 4860 mali.
781 4809 827 4860 Sed
839 4823 916 4872 neque
925 4823 952 4861 se

177 4895 254 4956 ipsum
267 4897 344 4944 multi
355 4896 407 4958 elus
414 4901 528 4960 appetens
535 4898 600 4961 quod
610 4898 732 4962 pulchrius
744 4900 790 4961 erl,
798 4911 876 4961 neque
885 4899 949 4949 enim

177 4982 293 5034 bonolum
310 4985 400 5050 quaein
414 4999 443 5036 eo
463 4991 519 5038 sunt
531 4987 580 5038 nilo
592 4988 689 5052 indiget.
703 4991 786 5053 Neque
801 5002 859 5040 reto
872 4988 897 5038 in
910 4990 950 5040 de·

176 5070 249 5120 tetius
262 5072 402 5136 mutabitur,
416 5087 490 5138 quum
511 5089 541 5126 ne
559 5075 631 5126 ltomo
647 5075 743 5140 quidem
762 5090 807 5127 soa
822 5079 906 5141 sponte
923 5091 949 5127 se

175 5155 254 5220 ipsunt
278 5159 421 5212 deteriorem
440 5161 532 5222 mddal,
552 5175 630 5226 neque
646 5164 732 5215 ltabml
754 5164 868 5216 ditinum·
882 5165 907 5214 in
923 5179 949 5215 se

175 5247 230 5294 mali
246 5247 335 5311 aliquid
354 5249 465 5313 quotient
484 5251 617 5302 mutatione
632 5252 655 5302 in
673 5253 778 5304 deterius
799 5254 860 5304 iacta
879 5265 947 5305 acce·

1044 2210 1147 2268 Cicero
1173 2209 1320 2274 diadem„
1340 2206 1388 2280 lt,
1413 2208 1461 2277 38,
1490 2226 1545 2280 1¹9
1563 2226 1569 2261 ι
1595 2208 1685 2279 Quum
1710 2214 1783 2263 eninr

1003 2312 1064 2353 tuus
1082 2303 1131 2352 iste
1141 2297 1248 2352 Stoicus·
1256 2301 1367 2368 sapiens
1377 2295 1539 2364 syllabatim
1551 2295 1599 2348 tibi
1608 2299 1661 2348 ista
1669 2294 1784 2363 dixerit,

1002 2391 1096 2442 veniet
1108 2384 1220 2460 flumen
1239 2386 1371 2438 orationis
1384 2402 1499 2437 aureum
1509 2379 1633 2450 fundens
1645 2384 1673 2436 A
1680 2386 1710 2435 ri
1715 2394 1785 2437 sto·

1002 2486 1036 2529 te
1045 2477 1108 2544 les,
1121 2478 1168 2547 qui
1180 2473 1258 2527 illum
1272 2473 1398 2544 desipere
1409 2472 1493 2527 (licat.
1506 2471 1603 2543 Neque
1609 2473 1681 2523 enim
1693 2479 1782 2523 ortum

1002 2580 1061 2617 esse
1070 2579 1192 2634 unquam
1204 2560 1346 2626 mundum,
1362 2559 1438 2632 quod
1446 2559 1527 2612 nulia
1533 2554 1629 2627 fuerit
1642 2576 1710 2612 novo
1721 2576 1784 2612 con·

1001 2653 1066 2705 silio
1080 2655 1148 2704 inito
1165 2650 1373 2721 tarrtproeclari
1382 2652 1473 2720 operis·
1488 2651 1621 2720 inceptio,
1636 2651 1713 2702 etita
1726 2666 1785 2702 esse

1002 2755 1064 2791 eum
1075 2738 1309 2809 undiqueaptum,
1322 2735 1442 2788 utnulla
1449 2739 1496 2788 uis
1506 2746 1596 2791 tantos
1605 2745 1691 2809 queat
1696 2746 1785 2789 motus

1004 2828 1221 2896 mutationesque
1235 2822 1327 2876 moliri
1334 2862 1344 2888 ,
1366 2822 1446 2874 nulia
1460 2833 1588 2876 senectia
1600 2822 1781 2875 diuturnitate

1004 2925 1156 2984 temporum
1179 2915 1314 2978 existere,
1334 2921 1363 2964 ut
1377 2908 1425 2962 bic
1438 2920 1553 2963 ornatus
1566 2927 1688 2982 unquam
1705 2910 1782 2963 ‹itta-

1001 3018 1068 3074 pstts
1080 3000 1203 3054 occidat.

1300 3145 1461 3226 astos

1045 3299 1263 3360 Pseudo-l'ltilo
1291 3298 1327 3356 tle
1354 3297 1456 3355 Mundi
1487 3296 1656 3366 eternitate,
1683 3309 1705 3356 t.
1732 3300 1780 3368 ll,

1006 3414 1036 3467 p.
1058 3392 1117 3466 489
1132 3389 1178 3446 ed.
1192 3388 1347 3462 Mangey.:
1368 3383 1602 3463 Ἀριστοτέλης
1621 3383 1660 3456 δὲ,
1682 3383 1781 3458 μήποτ’

1004 3476 1115 3543 εὐαεόῶς
1124 3476 1169 3532 καί
1181 3474 1259 3538 ὁσίοις
1269 3469 1443 3549 inscripsere,
1456 3469 1582 3546 ἀγένητον
1591 3469 1638 3528 καὶ
1647 3471 1778 3551 ἄφθαρτον

1006 3569 1055 3649 ἔφη
1069 3569 1114 3626 τὸν
1126 3569 1224 3643 κόσμον
1237 3557 1311 3622 εἶναι·
1324 3563 1409 3633 δεινὴν
1421 3561 1449 3620 δὲ
1462 3561 1593 3633 ἀθεότητα
1601 3562 1780 3640 κατεγίνωσκε

1006 3660 1058 3715 τῶν
1068 3656 1103 3715 tlt
1114 3654 1217 3714 ἐναντία
1233 3651 1393 3724 διεξιόντων,
1406 3649 1432 3709 ol
1446 3653 1499 3708 τῶν
1510 3651 1692 3730 χειροκμήτων
1708 3649 1781 3710 οὐδὲν

1006 3744 1130 3825 ᾠήθησαν
1148 3741 1278 3820 διαφέρειν
1292 3747 1411 3798 τοσοῦτον
1435 3737 1526 3816 ὁρατὸν
1549 3737 1624 3805 θεὸν,
1648 3737 1722 3809 ἥλιον
1737 3739 1782 3797 καὶ

1007 3829 1117 3903 σελήνην
1130 3829 1217 3889 καὶτὸ
1234 3828 1299 3886 ἄλλο
1312 3830 1366 3885 τῶν
1382 3825 1522 3894 πλανήτων
1542 3825 1588 3883 καί
1603 3829 1728 3884 ἀπλανῶν
1748 3831 1784 3892 tu

1007 3914 1407 3996 ἀληθῶςπεριέχονταπόνθειον·
1414 3914 1533 3989 ἔλιγότε,
1542 3916 1577 3978 ὡς
1587 3913 1657 3972 ἔστιν
1667 3914 1783 3988 ἀκούειν,

1006 4003 1052 4063 καί
1076 4007 1280 4081 κατακερτομῶν
1292 4001 1332 4058 ότι
1355 4001 1439 4059 πάλαι
1465 4001 1512 4077 μὲν
1536 4001 1627 4059 ἐδεδίει
1649 4001 1711 4082 περὶ
1735 4005 1782 4073 τῆς

1006 4093 1105 4168 ululat,
1121 4091 1160 4167 μὴ
1185 4088 1277 4169 βιαίοις
1290 4089 1436 4163 πνεύμασιν
1457 4087 1599 4168 (ῥεύμασιν
1615 4093 1690 4163 conj.
1711 4093 1779 4147 Bet·-

1008 4182 1107 4259 aalys.)
1119 4179 1137 4249 ἢ
1148 4183 1277 4256 χειμῶσιν
1293 4177 1441 4247 ἐξαισίοιςῆ
1459 4176 1546 4257 χρόνῳ
1564 4174 1582 4246 ἢ
1606 4175 1720 4256 ῥᾳθυμία
1734 4179 1783 4247 τῆς

1003 4454 1070 4516 perit.
1088 4453 1155 4501 tiene
1165 4450 1392 4500 detuonsltatlonem
1407 4463 1422 4499 e
1438 4449 1544 4499 secundo
1560 4449 1621 4499 liisro
1634 4450 1736 4499 tutonis
1750 4448 1781 4497 tle

1004 4540 1132 4603 tteptttslira
1149 4538 1279 4600 assumpsit
1293 4536 1439 4586 Ansmtelea

1370 4683 1409 4730 23.

1035 4812 1174 4861 Aristoteles
1196 4810 1277 4860 nescio
1299 4825 1371 4872 quam
1393 4811 1430 4874 pie
1449 4815 1578 4875 sancteque
1592 4811 1712 4872 sentiens,
1729 4823 1778 4860 non

1003 4899 1108 4963 genitum
1118 4903 1142 4949 el
1156 4897 1359 4961 inoonnplibilem
1377 4897 1496 4946 muudum
1509 4896 1644 4960 pronuntiat
1653 4898 1678 4945 et
1692 4894 1779 4956 impie·

1004 4989 1059 5039 latis
1079 4987 1179 5038 damnat
1196 4989 1315 5051 quotquot
1332 4986 1477 5036 coriarium
1493 4987 1616 5044 armarat,
1632 4983 1673 5046 qui
1692 4995 1775 5031 manu·

1007 5079 1077 5127 tactis
1104 5076 1293 5140 prestantiorem
1320 5087 1368 5123 non
1402 5073 1542 5123 existimant
1575 5075 1624 5120 tarn
1655 5069 1775 5121 visibitem

1002 5166 1094 5227 deum,
1111 5165 1151 5228 qui
1162 5178 1220 5215 vete
1230 5166 1254 5213 in
1265 5177 1293 5212 se
1308 5163 1412 5214 continet
1423 5163 1497 5213 solem
1513 5163 1538 5210 el
1554 5162 1634 5209 lunam
1643 5159 1774 5223 reliquum·

1000 5267 1049 5318 que
1066 5255 1198 5304 errantium
1216 5257 1241 5302 et
1259 5253 1361 5301 imorum
1384 5251 1515 5301 Pantheon.
1532 5248 1596 5298 Dixit
1613 5247 1684 5298 eliam
1706 5245 1778 5311 qnasi
