4017 5984
931 477 1092 540 [llALOGl.
1775 491 1814 548 35

218 623 283 687 ι74,
300 615 318 674 θ’.
331 615 367 684 46
383 626 461 672 rocio
483 609 764 691 ι’νθριστοτύλοιις·
779 613 796 680 ἡ
820 608 890 692 ἀρχὴ
904 608 922 680 ἢ
937 609 985 686 ple
1041 609 1094 668 ιἰπὸ
1109 607 1157 685 μὲν
1172 611 1223 668 τῶν
1238 609 1299 690 napi
1314 607 1360 680 τὴν
1373 609 1462 690 ψυχὴν
1476 611 1674 684 συμύαινύνταιν
1694 615 1738 674 διὰ
1757 616 1816 685 τώς

138 713 142 720 ·
210 701 228 772 ἢ
252 699 358 762 πολλαί.
377 700 430 760 llal
451 702 474 758 sl
497 698 545 773 μὲν
567 698 631 774 μία,
647 695 743 776 ἔχομεν
765 696 795 756 τὸ
818 694 984 771 ζητούμενον·
1040 699 1068 755 ἐν
1084 701 1136 764 τοῖς
1154 697 1402 776 ύπνοιςγινομύνους
1429 697 1526 770 ταύτης
1551 702 1752 779 ἐνθουσιασμοὺς
1770 705 1816 764 καὶ

212 790 234 846 εἰ
255 786 282 846 δὲ
303 787 410 865 πολλοὶ,
425 787 443 858 ἢ
457 785 615 864 τεταγμέναι
638 783 655 854 ἢ
677 783 793 844 ἄτακτοι.
816 781 884 842 Ἀλλ’
900 785 923 842 εἰ
938 783 985 858 μὲν
1040 785 1086 852 sle
1117 786 1251 863 μαντείας.
1283 785 1371 848 Ὅταν
1392 786 1461 866 γάρ,
1485 811 1582 868 φησιν,
1605 793 1631 849 ἐν
1661 795 1700 870 τῷ
1719 795 1814 852 bassis

170 891 171 894 ’
213 879 334 948 ἄτακτοι,
348 873 510 954 θταιιτύτιρα
523 873 556 932 τύ
575 871 602 940 ἐξ
618 874 713 932 αὐτῶν.
742 871 795 932 Καὶ
809 871 856 930 οὐκ
873 869 984 929 irrisi·
1040 874 1098 935 καθ’
1111 873 1207 946 ἑαυτὴν
1221 876 1357 950 γίνηταιή
1371 874 1533 955 ψυχὴ,το’τε
1559 874 1605 936 καὶ
1630 877 1694 936 ἴδιον
1715 880 1816 938 enola-

212 985 276 1039 ομος
290 967 304 1020 ὁ
320 962 429 1040 κόσμος,
445 963 503 1020 ἄλλ’
513 961 639 1038 ἀκοσμία·
653 960 699 1019 sal
715 959 770 1018 ἱστι
781 957 812 1018 ah
823 958 896 1038 steph
910 957 986 1038 φύσιν
1041 961 1124 1020 ύούσα
1147 961 1224 1042 ρύοιν
1247 961 1456 1042 προμαντεύεταύ
1471 985 1500 1022 τι
1521 963 1568 1022 ital
1591 966 1761 1045 προσγοριύιι
1782 967 1816 1026 τὰ

209 1056 257 1110 τοῦ
281 1049 348 1109 sari
371 1048 449 1130 φύσιν
474 1049 512 1125 μὴ
535 1048 615 1115 ὄντος·
637 1050 659 1106 sl
679 1047 707 1108 di
727 1045 901 1124 τεταγμέναι,
921 1045 938 1117 ἢ
960 1044 985 1114 ἐξ
1041 1047 1182 1124 μα’λλοντα.
1204 1047 1321 1120 Τοιαύτη
1336 1047 1365 1106 δύ
1378 1051 1434 1108 ἐστι
1448 1048 1495 1108 καλ
1517 1051 1544 1108 ἓν
1564 1053 1603 1130 τῷ
1621 1051 1692 1112 κατὰ
1711 1051 1756 1110 τὸν
1770 1053 1817 1112 θύ-

212 1141 311 1198 θαυτῶν
332 1137 497 1216 ἐτάχθησαν,
511 1134 529 1208 ἢ
543 1135 699 1204 bailiama
720 1135 789 1202 τινθς
803 1134 895 1202 alsius.
915 1133 985 1193 ’ill’
1041 1159 1118 1196 νατον
1144 1137 1302 1216 χωρίζεσθαι
1324 1142 1376 1196 τῶν
1404 1139 1545 1216 σωμάτων.
1560 1138 1731 1221 Ἀποδέχιται
1752 1147 1815 1219 γοῦν

200 1229 234 1284 si
253 1226 300 1302 μὲν
322 1225 365 1306 ύρ’
390 1227 490 1284 ἑαυτῶν
507 1223 672 1303 ἐτάχθησαν,
699 1223 790 1302 ἔχουσί
812 1246 838 1282 τι
859 1223 943 1282 κοινὸν
956 1221 986 1282 τὸ
1041 1223 1087 1282 καὶ
1115 1223 1160 1281 τὸν
1195 1223 1306 1296 ποιητὴν
1335 1222 1459 1305 Ὅμηρον
1491 1230 1526 1292 ὡς
1554 1232 1630 1286 τοῦτο
1658 1229 1816 1308 παρατηρή·

210 1314 342 1372 συνάπτον
362 1313 461 1386 αὐτὰς,
477 1313 583 1371 ιιοῖιιιῖνο
597 1310 708 1390 ἡάρχή.

249 1402 306 1472 Qut
321 1402 394 1460 hane
414 1403 527 1482 primus
543 1419 559 1458 e
577 1399 677 1458 codice
695 1398 818 1476 protulit
832 1416 985 1474 argumen-

212 1488 365 1560 tationem,
383 1488 486 1546 Rosius
501 1487 555 1563 (ci.
570 1488 590 1545 l.
602 1486 622 1543 l.
634 1506 665 1564 p.
684 1485 763 1566 185),
779 1505 844 1543 eam
857 1486 984 1564 primum

212 1575 376 1654 subjecerat
395 1577 480 1636 titulo
499 1574 561 1654 napi
576 1574 691 1655 ἶθρχῆς,
705 1593 741 1632 ex
758 1573 906 1632 iudicibus
921 1585 986 1632 tan-

210 1677 269 1722 tum
282 1678 362 1724 noto.
376 1664 501 1741 Propius
515 1661 636 1720 fortasse
651 1661 688 1720 ad
701 1661 848 1720 veritatem
862 1661 983 1731 accedit,

210 1751 288 1828 quod
311 1751 388 1810 idem
413 1753 446 1809 in
470 1748 632 1820 additam„
656 1768 686 1826 p.
703 1768 779 1822 710,
804 1747 946 1824 conjecit,
969 1767 986 1805 e

209 1839 328 1915 dialogo
343 1839 379 1896 de
391 1836 583 1914 Philosophia
596 1835 776 1912 desumptam
790 1853 864 1894 esse.

532 2011 578 2066 ¹7·
596 1991 667 2067 tivi

249 2149 352 2208 Cicero
365 2147 401 2206 de
415 2146 548 2222 Finibus,
561 2144 607 2213 ll,
626 2167 675 2214 ιο,
697 2145 734 2222 39
752 2167 758 2201 :
776 2149 904 2202 Primum
927 2147 983 2222 (se-

209 2239 357 2295 movendas
366 2237 474 2312 putabo
487 2241 639 2290 sententias
649 2233 730 2310 scil.)
744 2239 882 2309 Aristippi
897 2235 985 2304 Cyre·

208 2333 405 2400 naieontmqae
421 2332 562 2394 omnium,
575 2343 643 2399 quos
655 2343 711 2380 non
720 2336 763 2380 est
772 2329 893 2379 ueritum
905 2329 933 2378 in
949 2344 984 2380 ea

209 2417 364 2488 tioiaptate,
375 2433 441 2487 quie
449 2418 578 2468 maxima
585 2414 734 2468 dulcedine
740 2430 848 2467 sensam
857 2425 982 2483 moveret,

208 2524 343 2560 sarnanum
355 2505 455 2559 bonum
468 2521 584 2576 ponere,
610 2497 816 2557 contemnentes
833 2506 915 2556 istam
929 2521 982 2556 aa·

207 2599 339 2648 cultatem
350 2594 463 2649 doloris.
479 2593 517 2646 Hi
529 2609 584 2648 non
603 2592 746 2657 uiderunt,
771 2602 803 2644 ut
816 2591 858 2644 ad
873 2609 982 2644 cursum

207 2699 325 2753 equam,
339 2680 380 2734 arl
394 2681 532 2734 arandam
545 2680 653 2746 ύουσηι,
668 2679 709 2732 ad
724 2679 917 2750 indagandam
934 2697 982 2732 ca·

208 2787 286 2837 rretn,
303 2773 342 2824 sic
356 2769 496 2823 hantinem
517 2769 559 2822 ad
578 2769 651 2822 dans
663 2785 722 2836 res,
738 2778 769 2819 at
790 2770 832 2820 ait
850 2771 876 2820 A
883 2771 912 2820 ri
918 2778 983 2820 sto·

208 2858 258 2910 tel
261 2876 294 2912 es
299 2896 309 2924 ,
324 2857 366 2912 ad
375 2855 587 2928 intelligendam
609 2866 639 2909 et
655 2855 796 2925 agendm
810 2871 870 2908 esse
883 2866 982 2908 statam

207 2951 288 3018 quasi
305 2947 450 3010 mortalem
465 2945 564 3016 ἄσαντος
586 2954 737 3014 contraque
757 2943 911 2996 artemiam
930 2943 982 2996 aii·

207 3053 291 3106 qaam
312 3046 341 3088 et
353 3034 519 3107 languidam
538 3032 687 3105 pecudem,
704 3031 744 3083 ad
757 3041 874 3103 pastum
898 3031 986 3084 etad

1041 1332 1133 1369 σαντα·
1148 1311 1277 1384 πεποίηκα
1292 1311 1343 1390 γὰρ
1363 1312 1408 1370 τὸν
1423 1312 1471 1388 pis
1484 1315 1637 1391 Πάτροκλον
1650 1316 1728 1395 ἐντῷ
1742 1319 1816 1376 alsat·

1041 1403 1142 1477 μεῖσθαι
1161 1399 1368 1479 προαγοριύοντσι
1389 1400 1449 1478 πορθ
1472 1406 1520 1472 τῆς
1544 1398 1673 1482 Ἕκτορος
1704 1403 1816 1484 maspi-

1040 1511 1105 1555 σιιυς
1121 1489 1173 1566 (ll.
1186 1512 1219 1560 π,
1232 1489 1310 1567 tin),
1320 1487 1364 1546 τθν
1379 1489 1394 1546 δ
1405 1485 1525 1567 Ἕκτορα
1537 1489 1595 1567 περὶ
1610 1495 1658 1561 τῆς
1670 1489 1816 1570 Ἀχιλλέως

1039 1577 1163 1644 τελευτῆς
1185 1576 1235 1655 (ll.
1257 1601 1284 1656 χ.
1307 1576 1357 1652 58,
1371 1577 1439 1651 ss).
1457 1575 1507 1636 ’Ex
1522 1576 1620 1636 τούτοιν
1640 1567 1699 1650 aiv,
1717 1600 1813 1659 φησιν,

1040 1663 1187 1733 ὑπενόησαν
1206 1667 1232 1723 ol
1250 1664 1381 1742 ἄνθρωποι
1404 1653 1471 1721 εἶναί
1484 1687 1510 1722 τι
1522 1665 1595 1734 θεὸν,
1608 1664 1640 1724 τύ
1659 1666 1717 1724 καθ’
1736 1665 1815 1724 ἑαυτὸ

1041 1749 1081 1828 (bs
1102 1751 1170 1809 θιῖον
1181 1751 1239 1809 καθ’
1253 1752 1331 1811 ἑαυτὸ
1344 1752 1384 1811 ὅν.
1398 1752 1509 1828 Herm),
1525 1752 1609 1819 θουιθς
1627 1757 1661 1832 τῇ
1678 1755 1752 1834 ψυχῇ
1771 1754 1816 1812 καθ

1040 1837 1150 1896 πάντων
1175 1837 1466 1915 ύπισπιμονιιιώτατον.
1488 1839 1576 1900 'Alli
1589 1839 1622 1912 di,
1636 1841 1684 1900 καὶ
1697 1842 1751 1902 sni
1763 1845 1815 1900 τῶν

1041 1924 1189 2006 μιτιύνριυν·
1206 1927 1363 2002 θεασύμινοι
1398 1927 1449 2007 γὰρ
1471 1929 1529 2004 μεθ’
1550 1929 1652 2007 ἡμέραν
1668 1927 1716 2004 pls
1741 1929 1815 2000 ἥλιον

1040 2014 1247 2094 περιπολοῦντα,
1271 2012 1374 2094 νύκτωρ
1397 2013 1425 2073 δὲ
1450 2013 1498 2085 τὴν
1511 2014 1635 2076 εύταιιτον
1654 2021 1705 2076 τῶν
1728 2017 1816 2076 ἄλλων

1041 2098 1160 2180 euripos
1180 2101 1301 2176 ιιύνησιν,
1323 2101 1447 2179 θνύμισαν
1462 2093 1530 2162 εἷναί
1549 2127 1609 2163 τινα
1630 2104 1687 2164 bais
1710 2105 1755 2164 τὸν
1768 2110 1816 2176 τῆς

1039 2189 1162 2259 τοιαύτης
1181 2187 1308 2259 κινήσεως
1319 2189 1364 2248 ael
1384 2189 1503 2260 εὐταξίας
1514 2190 1606 2252 alatos.
1620 2195 1745 2257 Τοιοῦτος
1763 2195 1811 2269 μὲν

1037 2274 1082 2334 κοιλ
1095 2279 1110 2334 b
1121 2275 1314 2355 Ἀριστοτιλης.

1079 2363 1149 2422 flac
1166 2384 1233 2424 cum
1250 2365 1359 2442 iragm.
1377 2387 1413 2443 ¹9
1428 2386 1487 2424 non
1510 2368 1586 2426 male
1605 2367 1735 2427 Eudemo
1756 2370 1816 2428 tri-

1037 2449 1143 2510 buerat
1152 2452 1291 2526 Krische,
1302 2454 1325 2514 Ι.
1340 2455 1362 2512 l.
1372 2475 1404 2533 p.
1421 2476 1455 2528 17
1468 2468 1498 2513 et
1506 2457 1563 2524 301,
1578 2475 1586 2516 ι
1599 2457 1697 2533 potius
1707 2469 1813 2530 tamen,

1037 2551 1186 2616 praeeunte
1213 2541 1384 2614 Brundisio,
1412 2545 1576 2601 Gesclricine
1599 2548 1651 2601 der
1669 2567 1812 2622 gramm.

1037 2630 1230 2704 Philosophia,
1245 2635 1282 2688 B.
1309 2629 1353 2702 ll,
1372 2652 1402 2702 a,
1424 2646 1496 2688 erste
1509 2631 1633 2704 Hoelfte‚
1659 2655 1689 2708 p.
1704 2635 1754 2706 84,
1778 2635 1815 2692 ad

1038 2714 1185 2792 dialogum
1198 2718 1236 2776 de
1250 2717 1444 2796 Philosophia
1457 2719 1610 2778 referenda
1622 2734 1700 2782 suut.

1349 2868 1395 2924 ¹9·
1414 2850 1500 2926 tis-l

1078 2979 1201 3051 Ultima,
1229 3000 1293 3057 quae
1315 2981 1515 3039 tantummodo
1538 2980 1682 3040 indicavit
1707 2982 1813 3041 Sextus

1039 3068 1212 3150 lirrrpiriqus,
1220 3067 1357 3145 exipsius
1364 3069 1815 3148 Aristotelisverhisexpressisse

205 3123 375 3193 procreandi
398 3123 571 3194 voluptatem
595 3116 646 3172 hoc
663 3119 787 3172 divinant
806 3118 919 3172 animal
937 3137 981 3172 or·

209 3221 264 3297 turp
280 3228 341 3266 esse
352 3213 513 3274 vulneratam
528 3225 581 3281 qao
594 3205 671 3260 nihil
680 3204 750 3260 milti
760 3206 875 3263 videtur
886 3207 982 3261 absar-

207 3297 277 3354 ditis.

1039 3156 1154 3215 videtur
1174 3155 1297 3226 Cicero,
1320 3155 1357 3214 de
1376 3155 1485 3214 Natura
1511 3157 1651 3230 deorum,
1672 3157 1718 3236 ll,
1745 3160 1807 3232 37:

1039 3249 1122 3303 Certe
1136 3252 1178 3300 ita
1189 3258 1292 3301 temere
1302 3247 1338 3300 de
1348 3248 1452 3302 mundo
1465 3243 1612 3317 effutiant,
1629 3259 1660 3302 ui
1671 3247 1744 3302 milri
1752 3254 1815 3322 qai-

1037 3336 1101 3389 dem
1115 3354 1257 3410 nunquam
1273 3334 1347 3389 istinc
1361 3336 1559 3390 admirabib‘m
1579 3337 1646 3390 coeli
1665 3350 1809 3404 ornatam,

1035 3428 1083 3495 qni
1106 3423 1181 3476 Ιοειιο
1208 3435 1251 3477 est
1273 3426 1435 3496 proximas,
1462 3428 1619 3495 suspexisse
1651 3424 1812 3483 uideantur.

1036 3510 1180 3563 Praeclare
1195 3528 1262 3582 erga
1274 3511 1505 3565 Aristoteles:
1517 3511 1573 3564 «Si
1583 3523 1689 3578 essent,
1707 3517 1811 3586 inquit,

247 3597 350 3656 Sextus
361 3597 473 3676 Empie.
488 3596 555 3656 adv.
570 3597 675 3674 Dogm.
688 3594 729 3652 tlt
740 3639 749 3667 ,
761 3615 853 3652 ao-aa
870 3617 876 3652 :
893 3594 980 3674 Ἀρι·
1036 3598 1150 3671 quisuis
1166 3609 1240 3652 terra
1264 3615 1376 3670 semper
1393 3595 1595 3652 habitavissent
1607 3600 1686 3654 honis
1698 3611 1728 3654 et
1746 3601 1813 3655 illa·

209 3685 413 3755 consiliarii
436 3683 489 3742 ἀπὸ
502 3687 570 3743 δυοῖν
593 3685 682 3764 ἀρχῶν
705 3681 804 3742 ἔννοιαν
824 3685 888 3741 θεῶν
908 3685 981 3759 ἔλεγε
1038 3685 1139 3739 sti-ibas
1151 3685 1315 3754 domiciliis,
1330 3704 1396 3758 qaoe
1411 3697 1501 3740 esseni
1513 3698 1615 3740 ornata
1624 3691 1714 3759 signis
1731 3700 1814 3761 atque

207 3771 340 3848 γεγονέναι
362 3773 387 3829 ἐν
410 3779 462 3836 τοῖς
485 3769 645 3850 ἀνθρώποις,
660 3769 712 3829 ἀπό
727 3793 755 3828 τε
775 3773 827 3830 τῶν
850 3768 910 3847 περὶ
933 3769 981 3842 τὴν
1033 3777 1147 3846 picturis
1177 3778 1364 3846 instructaque
1384 3774 1465 3827 rebar
1486 3778 1522 3827 iis
1544 3775 1687 3842 omnibns,
1711 3776 1814 3848 quibus

211 3859 296 3939 θυχὴν
311 3857 504 3936 συμύαινύντιυν
519 3859 565 3916 καὶ
582 3857 634 3916 sini
653 3861 704 3915 τῶν
721 3859 868 3938 μετεώρων.
912 3856 981 3918 ’itt'
1035 3861 1184 3914 obtendant
1203 3865 1224 3914 ii
1238 3864 1287 3933 qui
1302 3859 1378 3912 beati
1394 3871 1541 3932 putantur,
1566 3878 1619 3915 nea
1635 3873 1729 3914 tamen
1749 3866 1813 3914 aei·

526 3447 573 3500 re.
593 3442 663 3520 pe.)

206 4093 292 4140 υιιιιπι,
301 4079 417 4129 ..abemus
428 4078 451 4128 ld
465 4077 529 4140 quod
541 4078 670 4141 quaritur,
686 4079 705 4128 si
718 4079 802 4136 mulie,
813 4078 992 4148 siveordiuate,
1036 4080 1203 4130 divisationes.
1221 4075 1325 4134 Quaado
1340 4076 1421 4137 euim,
1431 4077 1521 4140 iuquit,
1536 4078 1560 4126 iu
1574 4077 1668 4128 semeis
1680 4077 1760 4126 aalma
1769 4092 1813 4141 per

208 4165 259 4217 sive
274 4167 407 4216 inordinate
428 4169 493 4216 suot.
511 4166 536 4216 Si
549 4169 607 4216 suat
623 4165 757 4216 inordinata
773 4179 828 4229 quae
843 4165 932 4216 exiliis
946 4165 981 4227 gl·
1037 4182 1064 4217 se
1077 4168 1161 4229 luerit,
1180 4167 1238 4216 tuno
1256 4178 1301 4216 sua
1315 4165 1411 4230 propria
1428 4169 1523 4228 reoepta
1544 4167 1628 4216 natura
1646 4166 1671 4215 et
1683 4164 1774 4216 divinat
1787 4174 1813 4214 et

205 4257 321 4316 mutatur,
333 4253 404 4302 etiam
416 4252 492 4316 magis
506 4251 638 4304 inordinata
652 4255 709 4303 suut
723 4255 747 4303 et
764 4251 870 4302 muudus
880 4265 930 4302 nou
944 4253 982 4301 est
1037 4257 1117 4306 lutura
1130 4255 1253 4319 praesttgll.
1266 4253 1330 4303 Talis
1345 4256 1384 4303 est
1398 4255 1480 4304 autem
1493 4253 1565 4303 eham
1576 4252 1634 4302 dum
1645 4253 1670 4302 iu
1683 4255 1761 4304 meae
1772 4266 1811 4302 se·

207 4341 311 4391 mundus
324 4341 442 4404 (κόσμος,
454 4341 478 4390 ld
489 4343 529 4391 est
540 4340 619 4400 ordo)
629 4341 670 4390 sed
685 4340 776 4391 ordinis
791 4341 899 4392 deiectos
910 4342 981 4400 (ἀνισ-
1037 4344 1134 4405 parabit
1142 4341 1174 4390 ab
1185 4341 1216 4390 iis
1229 4353 1284 4404 qua
1294 4353 1382 4402 eorpus
1408 4339 1513 4390 habeut:
1526 4339 1630 4389 admittit
1638 4339 1702 4390 euim
1721 4342 1810 4391 ileme-

204 4431 288 4492 σμίυ).
302 4433 333 4480 Et
343 4430 366 4479 id
376 4429 511 4494 vigetmad
522 4433 606 4480 eontra
617 4434 726 4480 naturam
737 4433 783 4492 est,
794 4443 868 4494 quum
881 4429 904 4479 id
916 4430 980 4494 quod
1036 4443 1091 4480 rum
1108 4442 1204 4493 quoque
1213 4431 1318 4492 poetam
1329 4428 1356 4476 ut
1365 4427 1407 4490 qui
1420 4427 1467 4477 hoe
1477 4426 1649 4476 observaverit.
1665 4427 1731 4476 iecit
1746 4427 1810 4477 arim

206 4517 338 4568 seeundum
353 4521 463 4569 usturam
475 4520 512 4567 ost
526 4531 574 4568 uon
589 4517 663 4569 sitsi
680 4517 801 4580 ordinale,
811 4517 863 4568 slve
878 4531 892 4566 a
905 4518 982 4567 semet
1039 4517 1175 4568 Patroclum
1187 4513 1365 4580 quidem,dum
1379 4515 1563 4575 interimeretur,
1580 4514 1750 4578 ptmlieentem
1764 4527 1810 4564 rte·

207 4599 266 4662 ipsis
286 4599 395 4650 ordinata
411 4604 468 4650 suut
482 4601 534 4650 site
551 4601 582 4650 sb
595 4605 695 4651 extem
714 4614 795 4652 eausa.
811 4603 853 4650 siu
871 4603 951 4650 summ
966 4613 980 4649 tt
1034 4605 1089 4656 dem
1102 4605 1226 4666 lleotorh,
1237 4605 1362 4654 lleeiorem
1373 4605 1453 4652 atatem
1467 4602 1573 4652 actrtttts'.
1588 4605 1622 4651 Ex
1642 4601 1679 4651 iris
1691 4615 1758 4664 ergo,
1771 4601 1808 4650 iu·

208 4689 286 4738 mmet
300 4689 358 4752 ipsis
371 4687 479 4739 ordinate
493 4691 559 4752 suut,
569 4689 658 4740 habeut
675 4688 764 4751 aliquid
778 4702 905 4739 eommoue
916 4688 979 4752 quod
1034 4694 1100 4754 quit,
1113 4693 1226 4756 suspicati
1243 4693 1300 4741 suut
1316 4689 1441 4750 homiues,
1453 4689 1526 4740 deum
1537 4703 1593 4741 esse
1601 4689 1691 4752 aliquid
1705 4688 1768 4750 quod
1779 4701 1808 4738 ex

204 4785 236 4824 ea
245 4777 372 4838 manselli,
381 4775 405 4826 id
417 4787 474 4827 vero
488 4777 637 4840 principium.
1005 4718 1010 4856 θ
1034 4794 1062 4830 se
1076 4783 1127 4842 est,
1145 4778 1221 4830 diuite
1231 4779 1327 4841 aalma,
1336 4782 1361 4830 et
1376 4781 1413 4828 est
1426 4779 1533 4828 omnium
1549 4777 1742 4828 scientissimum.
1761 4775 1808 4825 sed

1037 4872 1063 4918 et
1081 4881 1112 4918 ex
1129 4866 1272 4917 sublimibus
1290 4879 1365 4916 :uam
1380 4880 1454 4930 quum
1471 4865 1622 4930 oontemplati
1637 4865 1719 4914 esseut
1734 4863 1808 4912 solean

1034 4954 1130 5017 quidem
1146 4953 1248 5004 interdiu
1269 4953 1469 5013 circumeuntem,
1492 4955 1565 5002 noctu
1578 4954 1658 5000 autem
1673 4948 1808 4998 ordinatum

1034 5042 1133 5091 aliamm
1148 5041 1271 5092 stellamm
1292 5045 1401 5102 suatum,
1417 5040 1585 5090 existimarunt
1603 5049 1657 5087 esse
1671 5035 1743 5087 desim
1762 5036 1806 5085 ali-

1034 5144 1120 5194 quem,
1137 5134 1260 5182 auctorem
1282 5131 1354 5192 buius
1373 5129 1486 5180 motionis
1506 5131 1530 5178 et
1543 5126 1643 5177 ordinis.
1663 5127 1741 5190 iique
1755 5125 1809 5176 hac

1034 5219 1129 5280 quidem
1143 5220 1291 5271 Aristoteles.

575 4908 612 4953 ts.

238 5035 378 5086 Aristoteles
402 5039 481 5088 aulem
496 5037 589 5088 dicebat
611 5052 641 5088 ex
659 5037 753 5088 duobus
768 5036 888 5102 principiis
903 5041 979 5088 oriam

206 5135 260 5174 esse
278 5123 317 5174 dei
334 5125 455 5175 notionem
474 5125 536 5176 iuter
552 5125 676 5187 homiues,
692 5139 778 5189 nempe
797 5128 822 5176 et
833 5139 864 5176 ex
881 5125 911 5176 iis
924 5139 979 5190 qua
1004 5052 1009 5188 θ

208 5209 233 5260 lu
243 5210 322 5260 anime
334 5211 444 5262 aeeiduui
453 5213 478 5262 el
490 5225 521 5262 ex
533 5211 683 5264 sublimibus.
697 5217 733 5264 Ex
746 5213 773 5264 iis
781 5212 877 5278 quidem
889 5227 944 5276 quse
955 5214 979 5263 in

207 5297 287 5348 auiam
301 5297 412 5350 eaeiduui
421 5302 520 5364 propter
531 5299 625 5352 divims
642 5301 695 5363 ejus
707 5301 733 5352 iu
747 5301 837 5354 somnis
850 5301 944 5353 aflatus
956 5304 981 5352 et
