4017 5984
235 416 274 473 tt
781 404 1024 466 nnlswutbls
1046 402 1293 465 FRAGMENTA.

233 547 257 603 ci
273 544 348 603 ἄλλοι
362 547 408 602 τοῦ
426 540 568 608 Πλάτωνος
583 542 680 621 ἑταῖροι
698 539 757 599 ταδὶ
771 539 895 618 γε’γραρε.
910 537 1003 608 Ζητῶν

235 628 287 711 γάρ
299 627 348 697 τὸς
362 627 445 709 ἀρχὸς
458 631 511 688 τῶν
530 627 611 687 όντων
625 633 640 688 b
661 626 792 702 Πλάτων,
808 625 865 684 ἐπεὶ
876 627 977 703 πρῶτος
990 625 1004 680 δ

234 718 342 799 ἀριθμὸς
358 716 442 777 ἐδόκει
460 716 531 797 oiri}
547 720 581 797 τῇ
595 715 671 795 ράσιι
693 705 826 774 εἶναιτῶν
841 714 944 773 ἀλλων·
958 709 1003 770 καὶ

232 804 285 883 γάρ
297 808 345 876 τῆς
366 808 493 884 γραμμῆς
504 804 538 863 τὸ
556 801 658 885 πέρατα
672 806 784 879 αημιῖιι,
807 798 841 858 rit
862 799 891 857 δέ
906 803 1003 873 σημεῖα

234 882 302 957 sivan
316 891 429 968 μονάδας
448 891 517 951 θέσιν
531 889 659 971 ἐχούσας,
675 890 735 950 ἀνευ
753 912 782 947 τε
793 890 919 969 γραμμῆς
936 882 1002 961 μήτι

233 978 384 1060 ίπιράνειαν
398 969 464 1039 εἶναι
484 978 551 1056 μήτε
569 977 692 1059 στερεὸν,
709 977 752 1037 τὸν
772 978 799 1035 δέ
823 975 934 1057 ἀριθμὸν
958 973 1004 1033 καὶ

232 1068 313 1148 χωρὶς
324 1067 423 1126 τούτων
436 1057 503 1125 εἶναι
515 1061 653 1127 δόνασθαι·
667 1066 725 1125 ἐπεὶ
740 1064 824 1124 τοίνυν
837 1067 938 1144 πρῶτος
952 1066 1003 1120 τῶν

235 1156 322 1215 ἄλλων
336 1154 457 1235 τῇρόσει
472 1160 486 1213 ὁ
496 1154 618 1234 ἀριθμὸς,
638 1153 724 1233 ἀρχὴν
735 1158 826 1212 τοῦτον
836 1156 925 1232 ἡγεῖτο
937 1142 1003 1209 εῖναι

232 1241 277 1299 καὶ
291 1240 337 1307 τὸς
350 1247 396 1299 τοῦ
405 1240 509 1319 πρώτου
522 1240 633 1319 ἀριθμοῦ
646 1238 730 1318 ἀρχὸς
744 1238 790 1295 καὶ
809 1240 906 1304 παντὸς
929 1240 1004 1317 ἀριθ-

233 1335 283 1403 μοῦ
299 1328 382 1407 ἀρχὸς
395 1320 471 1388 εἶναι.
487 1330 595 1405 Πρῶτος
613 1326 640 1385 δέ
661 1324 769 1405 ἀριθμὸς
784 1330 801 1395 ἢ
814 1325 890 1399 δυάς,
910 1318 941 1398 ἧς
958 1329 1004 1406 ἀρ-

233 1415 283 1496 χὸς
294 1413 382 1489 ἔλεγεν
397 1410 465 1473 εἶναι
478 1414 508 1473 τό
528 1438 556 1472 τε
566 1413 593 1473 ἓν
607 1414 653 1473 καὶ
668 1413 697 1472 τὸ
711 1415 780 1491 μέγα
792 1415 838 1473 καὶ
855 1413 884 1472 τὸ
898 1415 1002 1493 μικρόν.

236 1504 308 1565 Καθὸ
324 1505 375 1583 γάρ
389 1504 450 1570 δυάς
465 1506 537 1578 ἔστι,
555 1504 653 1573 πλῆθος
667 1502 713 1561 καὶ
727 1501 868 1578 ὀλιγότητα
884 1500 962 1581 έσχεν
978 1501 1004 1560 έν

235 1598 325 1674 ἑαυτῇ·
339 1595 404 1653 καθὸ
414 1593 461 1668 μὲν
477 1592 507 1650 τὸ
526 1590 663 1651 διπλάσιόν
676 1594 745 1649 ἐστιν
758 1594 784 1649 έν
802 1591 883 1670 inuri
892 1591 1005 1659 πλῆθος·

238 1684 336 1752 πλῆθος
349 1681 400 1761 γὸρ
411 1682 458 1739 καὶ
467 1678 583 1759 ὑπεροχὴ
601 1680 646 1739 καῖ
658 1677 764 1757 μέγεθός
775 1703 800 1737 τι
813 1677 843 1735 τὸ
855 1676 1004 1736 διπλάσιον·

235 1770 301 1828 καθὸ
315 1770 343 1827 δὲ
362 1767 465 1847 ἥμισυ,
481 1768 630 1845 ὀλιγότητα.
651 1766 698 1826 Διὸ
712 1763 843 1845 biremis
855 1764 901 1823 καλ
915 1763 1005 1824 ἔλλει-

234 1860 280 1936 ψιν
293 1858 339 1915 καὶ
358 1855 485 1935 μέγακαὶ
499 1854 592 1937 μικρὸν
607 1844 673 1914 εῖναι
689 1855 716 1911 ἐν
742 1857 806 1931 αὐτῇ
819 1851 888 1913 κατά
904 1858 999 1913 ταῦτα.

235 1945 309 2005 Καθὸ
324 1944 352 2003 δέ
369 1945 490 2021 ἑκάτερόν
510 1965 537 2001 τε
561 1946 613 2001 τῶν
635 1941 732 2019 μορίων
756 1941 836 2013 αὐτῆς
862 1938 941 2015 μονάς
961 1939 1007 1997 καί

235 2033 299 2104 αὔτη
320 2032 348 2093 ίν
368 2057 394 2093 τι
415 2024 480 2099 εἶδός
501 2033 572 2107 ἐστι,
590 2033 620 2090 τὸ
638 2031 774 2099 δυαδικόν,
790 2029 900 2103 μονάδος
925 2026 1006 2099 αὐτὴν

233 2120 362 2200 μετέχειν.
383 2122 431 2180 Διὸ
448 2121 531 2200 ἀρχὸς
553 2122 599 2190 τῆς
614 2118 706 2184 δυάδος
727 2115 801 2194 έλεγε
815 2115 844 2175 τὸ
864 2115 891 2175 ἓν
909 2116 956 2175 καὶ
974 2116 1005 2175 τὸ

234 2207 303 2287 μίγα
317 2208 362 2267 καὶ
376 2208 407 2267 τὸ
423 2208 525 2288 μικρόν.
540 2205 669 2286 Ἀόριστον
681 2204 708 2263 δέ
724 2205 806 2263 δυάδα
820 2205 908 2283 ίλεγεν
923 2201 1005 2275 αὐτὴν

232 2298 269 2375 τῷ
291 2296 406 2373 μεγάλου
428 2297 474 2353 καὶ
494 2298 588 2373 μικροῦ
609 2293 788 2372 μετέχουσαν,
810 2291 868 2364 ἤτοι
890 2292 1005 2368 μείζονος

232 2383 278 2441 καί
293 2383 430 2449 ἐλάττονος
440 2427 448 2456 ,
459 2383 490 2442 τὸ
504 2385 605 2457 μάλλον
615 2380 659 2439 καὶ
673 2372 750 2453 ἧττον
766 2379 846 2460 ίχοιν.
864 2379 942 2441 Ksed
954 2379 1004 2458 γάρ

232 2470 351 2529 ἐπίτασιν
363 2471 409 2529 καὶ
420 2469 506 2529 ἄνεσιν
520 2468 645 2549 προϊόντα
654 2474 739 2528 ταῦτα
751 2471 802 2548 οάχ
811 2468 933 2545 ἵσταται,
946 2470 1005 2527 ἀλλ’

230 2558 277 2627 ,ἐπὶ
295 2558 325 2617 τὸ
338 2563 386 2631 τῆς
408 2557 529 2639 ἀπειρίας
551 2556 670 2636 ἀόριστον
692 2568 837 2638 προχωρεῖ.
861 2556 937 2616 Ἐπεὶ
962 2547 1005 2615 ciis

233 2649 335 2727 πρῶτος
356 2649 473 2727 ἀριθμῶν
495 2646 592 2725 ἀρτίων
608 2650 626 2717 ἡ
648 2646 727 2724 δυάς,
742 2646 837 2718 ταύτης
850 2644 877 2705 δέ
893 2646 962 2727 ἀρχὴ
976 2647 1006 2707 τὸ

233 2733 260 2792 έν
278 2734 324 2794 καὶ
344 2734 375 2795 τὸ
394 2734 522 2813 μέγακαὶ
541 2734 571 2793 τὸ
593 2740 706 2815 μικρὸν,
725 2737 771 2794 καί
787 2734 884 2803 παντὸς
897 2738 1007 2815 ἀριθμοῦ

232 2823 316 2901 ἀρχὸς
336 2825 432 2891 ταότος
452 2814 519 2882 εῖναι
536 2821 650 2900 ἀνάγκη.
671 2824 708 2882 Οἱ
726 2823 753 2881 δὲ
769 2824 874 2902 ἀριθμοί
888 2826 1005 2905 στοιχεῖα

231 2912 283 2969 τῶν
300 2908 379 2969 όντων
395 2912 517 2971 πάντων·
531 2908 600 2971 ὥστε
616 2911 660 2969 καὶ
674 2911 779 2970 πάντων
793 2910 863 2991 άργὸΙ
878 2910 908 2970 τὸ
919 2910 946 2969 ἓν
960 2912 1007 2973 καὶ

231 2998 261 3056 τὸ
275 2998 343 3075 μέγα
356 3001 402 3057 καὶ
413 2998 444 3057 τὸ
454 2998 561 3077 μικρόν,
573 2998 631 3069 ἤτοι
645 3004 662 3070 ἡ
676 2999 793 3076 ἀόριστος
804 2999 875 3065 δυάς.
890 3000 943 3059 Καὶ
955 3001 1007 3083 γὰρ

232 3082 341 3154 θκαστος
362 3091 413 3145 τῶν
430 3090 548 3169 ἀριθμῶν
564 3085 625 3143 καθ’
638 3083 698 3143 ὅσον
713 3086 761 3161 μὲν
778 3088 821 3146 tta
838 3088 875 3154 τίς
889 3090 943 3147 ἐστι
959 3090 1011 3149 καί

233 3162 269 3239 εἷς
291 3172 338 3231 καί
356 3176 519 3251 ὡρισμένος,
542 3178 589 3231 τοῦ
605 3173 659 3239 ἑνὸς
679 3174 800 3253 μετάγει·
823 3178 883 3232 καθ’
899 3173 959 3234 ὅσον
977 3176 1005 3235 δέ

234 3261 373 3338 διαιρεῖται
399 3260 445 3319 καλ
466 3260 564 3330 πλῆθός
593 3263 666 3330 ἐστι,
685 3265 731 3332 τῆς
753 3260 874 3342 ἀορίστου
901 3264 1001 3331 δυάδος.

232 3345 331 3427 Ἔλεγε
345 3348 373 3407 δέ
387 3347 432 3406 καὶ
445 3347 492 3414 τὸς
505 3347 575 3415 ἰδέας
588 3352 602 3407 δ
617 3348 731 3408 Πλάτων
746 3348 879 3427 ἀριθμούς.
890 3352 1005 3419 Εἰκότως

232 3436 284 3515 ἀρα
304 3435 350 3503 τὸς
370 3433 454 3514 ἀρχὸς
475 3440 521 3494 τοῦ
543 3438 655 3517 ἀριθμοῦ
676 3435 722 3494 καί
744 3439 796 3495 τῶν
818 3439 894 3497 ἰδεῶν
921 3439 1005 3518 ἀρχὸς

231 3522 323 3583 ἐποίει.
338 3522 395 3597 Τὴν
411 3521 439 3582 δὲ
458 3524 540 3602 δυαδα
561 3530 606 3583 τοῦ
621 3523 729 3603 ἀπείρου
744 3523 820 3605 ράσιν
842 3525 947 3605 έλιγιν,
964 3526 1003 3585 δτι

230 3612 278 3687 οὐχ
299 3608 410 3689 ὥρισται
429 3610 459 3670 τὸ
473 3610 542 3689 μέγα
556 3611 601 3669 καλ
624 3612 654 3670 τὸ
668 3612 776 3691 μικρὸν,
793 3612 850 3684 ἤτοι
871 3612 902 3672 τὸ
915 3615 1002 3689 μεῖζον

231 3794 251 3844 si
266 3795 365 3844 alutam
382 3800 474 3859 partem
492 3797 680 3847 semicubitalcm
699 3798 867 3848 indivisibilem
887 3799 1004 3861 relinqua·

232 3895 303 3943 mus,
313 3884 339 3932 el
347 3883 447 3933 alteram
464 3884 587 3935 dimidium
601 3884 680 3935 adbuc
692 3888 814 3948 mutes,
831 3898 903 3949 ηιιοιιι
920 3898 1007 3935 semni-

231 3968 288 4019 dum
303 3968 421 4021 minorem
432 3977 523 4034 partem
537 3971 655 4022 addemus
669 3972 819 4034 indivisibili,
831 3977 882 4023 lum
894 3973 949 4023 dnm
962 3974 1007 4023 lie-

231 4060 285 4107 rcnl
300 4060 380 4121 parles
389 4058 499 4108 cnbitnlls
518 4060 702 4124 magnitudinis,
719 4061 765 4110 alin
775 4060 909 4125 procedent
920 4062 945 4110 in
959 4061 1005 4111 mi·

1060 532 1105 593 xci
1118 534 1149 593 τὸ
1166 532 1292 607 ἔλαττον,
1304 531 1364 592 ἀλλ’
1376 530 1433 613 ίχιι
1443 532 1472 591 τὸ
1485 532 1584 608 μᾶλλον
1601 532 1646 593 καὶ
1659 524 1751 609 ἧττον,
1763 533 1832 615 άπερ

1061 624 1096 689 είς
1110 618 1215 703 ἀπειρεν
1225 620 1356 700 πρόεισιν·
1371 620 1452 687 οθτυνς
1465 610 1510 680 ὧν
1526 620 1604 681 alebi
1620 624 1634 680 ὁ
1652 620 1831 701 Ἀριστοτέλης

1062 711 1088 768 έν
1105 708 1156 767 τίσι
1166 706 1214 785 piu
1227 709 1251 767 ci
1267 706 1493 787 Πυθαγόρειοι,έν
1509 706 1562 767 τίσι
1578 706 1606 767 δέ
1621 708 1758 769 δῐῙλάτων
1772 710 1831 769 let-

1062 801 1120 856 θετο
1130 796 1160 855 τὸ
1173 795 1289 875 ἄπειρον,
1300 794 1390 876 έρεξῆς
1399 797 1498 877 ίστοριῖ
1513 795 1538 852 τί
1549 795 1579 854 τὸ
1592 795 1697 875 ἀπιιρυν
1708 794 1796 876 ίλεγον
1809 800 1833 857 cl

1068 883 1239 964 Πυθαγόρειοι
1250 882 1297 943 καί
1309 882 1352 941 διὸ
1360 882 1395 942 τί.

1104 970 1168 1030 Non
1179 971 1300 1030 aliunde
1311 969 1398 1030 ducta
1411 983 1478 1029 sunt
1491 990 1556 1047 quae
1567 970 1654 1029 habet
1665 971 1832 1049 Simplicius

1062 1068 1092 1127 in
1107 1069 1197 1129 Arist.
1213 1068 1331 1145 Pltysic.
1344 1067 1394 1129 sol.
1413 1088 1465 1140 ¹17
1482 1081 1560 1127 tecto
1573 1068 1615 1147 (p.
1628 1070 1696 1141 368,
1709 1070 1744 1140 Α,
1759 1066 1830 1145 α8);

1060 1156 1153 1227 Δείξας
1177 1158 1207 1233 (θ
1227 1155 1427 1237 Ἀριστοτέλης)
1455 1155 1496 1215 ότι
1519 1157 1669 1235 περιέχεται
1690 1157 1790 1233 μᾶλλον
1802 1154 1833 1213 τὸ

1060 1243 1166 1323 άπειρον
1188 1242 1257 1323 ἤπερ
1280 1240 1412 1321 περιέχει,
1432 1242 1477 1301 καὶ
1497 1241 1537 1300 δτι
1563 1242 1695 1319 άγνυνοτάν
1720 1245 1775 1303 ίστι
1799 1246 1832 1321 τῇ

1062 1335 1155 1392 ἑαυτοῦ
1174 1329 1268 1411 ρύσει,
1282 1328 1329 1401 τὴν
1345 1329 1497 1389 ἐπιπόλαιον
1522 1332 1631 1411 ίιδοχὴν
1658 1330 1761 1409 ἐλέγχει
1781 1333 1833 1387 τῶν

1060 1424 1105 1479 τοῦ
1119 1418 1259 1486 Πλάτωνος
1270 1418 1365 1495 λόγων.
1381 1421 1438 1479 Τοῦ
1447 1417 1498 1499 γάρ
1514 1420 1655 1487 Πλάτωνος
1667 1423 1693 1479 ε’ν
1708 1420 1760 1485 τοῖς
1775 1420 1834 1499 περί
1944 1493 1947 1499 Ι

1061 1509 1175 1585 τάγαθοῦ
1190 1508 1277 1585 λόγοις
1291 1505 1408 1574 εἰπόντος
1426 1505 1458 1583 τὸ
1474 1506 1541 1585 μέγα
1558 1506 1604 1567 καί
1624 1507 1654 1566 τὸ
1674 1506 1765 1587 μικρὸν
1785 1506 1833 1577 τὴν

1061 1594 1141 1667 ὕλην,
1156 1595 1189 1667 ἣν
1203 1595 1249 1656 καλ
1264 1596 1371 1674 ἀπειρον
1387 1594 1532 1671 ίλεγε,καλ
1546 1595 1712 1676 περιέχεσθαι
1723 1595 1773 1654 ὑπὸ
1787 1600 1834 1653 τοῦ

1061 1683 1169 1763 ἀπείρου
1185 1682 1270 1745 πάντα
1284 1681 1320 1741 τὸ
1334 1684 1462 1758 αἰσθητά,
1475 1686 1519 1742 καὶ
1533 1683 1655 1765 ἀγνωστα
1670 1674 1735 1742 εῖναι
1749 1680 1793 1741 διὸ
1804 1682 1834 1741 τὸ

1061 1770 1148 1830 ἔνυλον
1164 1770 1209 1829 καὶ
1221 1770 1318 1848 άπειρα
1333 1770 1378 1827 καὶ
1393 1768 1503 1849 ῥευστὴν
1513 1771 1583 1849 ἔχειν
1598 1770 1646 1841 τὸν
1661 1769 1753 1849 pricio,
1769 1767 1832 1829 ἀκό-

1062 1859 1151 1919 λουθόν
1167 1880 1232 1933 φησι
1251 1858 1336 1917 δοκεῖν
1350 1860 1388 1937 τῷ
1400 1857 1508 1938 τοιούτῳ
1524 1858 1553 1917 τὸ
1568 1858 1613 1916 καλ
1629 1861 1654 1918 ἐν
1669 1866 1721 1924 τοῖς
1734 1865 1835 1930 νοητοῖς
1851 1909 1858 1921 ,

1063 1946 1113 2006 ὑπὸ
1124 1952 1171 2007 τοῖν
1192 1946 1249 2006 ἐκεῖ
1267 1946 1383 2023 μεγάλου
1403 1946 1449 2006 καί
1465 1952 1576 2025 μικροῦ,
1592 1946 1657 2027 ὅπερ
1670 1946 1740 2006 ἐστὶν
1754 1950 1772 2018 ἡ
1787 1943 1835 2005 ἀό-

1067 2056 1153 2114 ριστος
1168 2032 1245 2112 δυάς,
1261 2030 1331 2113 ἀρχὴ
1343 2031 1388 2092 καλ
1403 2031 1469 2105 αθτη
1484 2025 1549 2094 nino
1561 2032 1686 2111 paenitenti
1701 2032 1754 2100 ίνὸς
1768 2056 1835 2091 παν-

1063 2123 1105 2191 τὸς
1119 2124 1228 2201 ἀριθμοῦ
1248 2120 1294 2180 καί
1307 2120 1413 2180 πάντων
1429 2124 1481 2181 τῶν
1495 2122 1576 2181 ὄντων
1590 2124 1710 2201 (ἀριθμοί
1728 2120 1778 2199 γθρ
1790 2121 1835 2179 καί

1064 2212 1092 2269 αἱ
1114 2208 1375 2287 ostemationem
1390 2201 1434 2269 οἷθν
1451 2209 1481 2268 τὸ
1496 2208 1541 2268 καί
1560 2213 1587 2269 έν
1602 2211 1655 2276 τοῖς
1672 2210 1771 2281 νοητοῖς
1786 2208 1835 2266 ὑπὸ

1061 2300 1107 2356 τοῦ
1120 2298 1174 2356 ἐκεῖ
1185 2295 1291 2377 ἀπείρου
1307 2297 1354 2357 καλ
1370 2296 1504 2375 ἀγνώστου
1516 2297 1682 2377 περιέχεσθαι
1697 2294 1741 2354 καί
1756 2298 1835 2374 ὁρίζε-

1067 2391 1126 2445 σθαι
1141 2384 1173 2444 τά
1184 2384 1282 2458 νοητά,
1294 2384 1398 2464 γνωστὸν
1410 2385 1472 2443 ὄντα
1486 2386 1561 2466 ρύσει
1571 2387 1617 2444 καί
1634 2384 1767 2464 ὡρισμένα
1787 2384 1834 2443 ἀτι

1063 2472 1120 2546 εἴδη
1141 2473 1219 2546 ὄντα,
1233 2472 1343 2551 quibus
1364 2488 1470 2551 praeter
1487 2474 1618 2533 Platonis
1641 2472 1829 2541 mentionem,

1063 2583 1121 2621 rlon
1138 2564 1223 2641 plura
1237 2562 1422 2622 continentur
1433 2582 1519 2640 quam
1534 2582 1598 2640 quae
1615 2562 1708 2641 ipsius
1727 2564 1835 2619 lltistc-

1063 2650 1128 2708 telis
1138 2650 1237 2709 verbis
1246 2649 1267 2711 Ι.
1279 2650 1301 2711 l.
1312 2652 1390 2710 clieta
1403 2664 1480 2709 sunt.

1100 2735 1171 2807 Quae
1194 2757 1265 2796 vero
1286 2738 1347 2817 jam
1371 2752 1529 2816 sequentur
1549 2758 1608 2797 nnn
1627 2757 1663 2796 ex
1678 2736 1734 2795 alic
1757 2739 1835 2794 fonte

1061 2826 1193 2885 derivata
1206 2838 1294 2899 sunl,
1316 2826 1370 2885 etsi
1386 2824 1463 2885 libet·
1487 2824 1546 2904 aspi
1562 2822 1722 2906 Φιλοσορίας
1736 2825 1835 2881 uomi-

1062 2927 1158 2987 netur,
1175 2914 1276 2973 endem
1290 2914 1401 2973 scilicet
1415 2914 1534 2973 nomine
1555 2933 1613 2989 quc
1637 2913 1700 2990 ipse
1722 2912 1834 2970 tls-isto·

1062 3002 1132 3061 teies
1144 3001 1195 3060 has
1206 3000 1338 3060 Platonis
1347 3002 1559 3079 disputationes
1570 3000 1771 3075 designaverat
1785 3020 1792 3054 ι

1101 3088 1243 3149 Alexand.
1268 3088 1400 3166 Aphrod.
1423 3088 1465 3177 in'
1480 3088 1567 3145 livist.
1591 3085 1717 3163 llletapli.
1740 3084 1767 3155 l,
1793 3105 1827 3159 9,

1060 3196 1092 3253 p.
1110 3176 1159 3252 86,
1173 3177 1208 3233 31
1227 3175 1301 3235 Bon.
1317 3194 1325 3235 t
1342 3174 1489 3234 Ἐκτίθιται
1502 3173 1528 3231 δέ
1542 3173 1572 3232 τὸ
1585 3170 1695 3251 ἀρέσκον
1707 3169 1835 3247 αὖτοῖς,θ

1060 3261 1106 3319 καὶ
1121 3265 1147 3321 ἐν
1162 3268 1216 3327 τοῖς
1231 3260 1291 3339 περὶ
1311 3258 1476 3339 Φιλοσοφίας
1498 3258 1599 3337 εἴρηκε·
1617 3258 1769 3336 βουλόμενοι
1783 3257 1834 3334 γὸρ

1060 3348 1093 3409 τὸ
1107 3348 1312 3428 όντα...ἀνάγειν
1328 3346 1421 3415 εἰςτὰς
1436 3345 1520 3427 ἀρχὸς
1531 3344 1561 3414 te
1572 3346 1711 3405 ὖπέθεντο·
1721 3338 1788 3416 ἦσαν
1804 3342 1831 3403 δέ

1060 3437 1147 3505 αὐτοῖς
1169 3436 1251 3518 ἀρχαί
1266 3440 1318 3495 τῶν
1333 3436 1414 3494 ὄντων
1428 3433 1457 3493 τὸ
1479 3433 1549 3511 μέγα
1565 3432 1654 3492 καὶτὸ
1670 3432 1778 3513 μικρὸν,
1798 3432 1830 3503 ἣν

1060 3524 1147 3602 ἔλεγον
1162 3525 1282 3603 ἀόριστον
1295 3524 1389 3584 δυάδαε
1402 3526 1438 3589 εἰς
1450 3522 1481 3593 δὴ
1500 3520 1598 3593 ταύτην
1616 3522 1732 3586 θέλοντες
1747 3520 1834 3579 πάντα

1060 3614 1210 3690 ἀναγαγεῖν,
1223 3616 1268 3671 τοῦ
1282 3610 1330 3689 μὸν
1341 3610 1440 3689 μήκους
1455 3608 1538 3690 ἀρχὸς
1550 3608 1636 3687 έλιγον
1647 3608 1676 3668 τὸ
1689 3608 1774 3688 βραχὸ
1788 3609 1834 3666 καὶ

1060 3798 1217 3861 τάνυται
1228 3812 1269 3863 ριν
1277 3800 1346 3849 scut
1355 3782 1476 3847 iuuenum
1489 3815 1495 3845 ι
1507 3794 1687 3845 nuntiantem
1696 3793 1834 3857 estpanm

1060 3888 1155 3950 potione
1164 3886 1244 3937 unlus.
1253 3888 1313 3936 ltavn
1323 3882 1541 3935 deliniturdualitus
1548 3884 1664 3947 quatenus
1671 3894 1716 3930 um
1723 3880 1832 3943 quadam

1060 3975 1137 4025 lcnm
1147 3977 1192 4025 est.
1207 3974 1329 4024 Elementa
1343 3972 1574 4037 igilnrnumercrum
1587 3972 1643 4019 sunt
1655 3982 1727 4045 unum
1741 3968 1766 4016 et
1777 3966 1833 4014 diia-

1060 4060 1123 4119 litas,
1133 4059 1195 4110 aliud
1208 4058 1355 4109 termincset
1366 4058 1390 4107 in
1400 4058 1500 4107 lonnnm
1511 4056 1629 4119 redigens,
1641 4055 1742 4105 alterum
1752 4056 1831 4103 antem

231 4156 286 4205 nus,
294 4144 340 4194 alia
352 4158 409 4195 τετυ
422 4147 445 4195 in
454 4146 532 4207 vnaius
542 4147 594 4197 sine
603 4147 658 4198 line.
669 4143 721 4199 lion
728 4149 792 4199 mim
804 4149 830 4198 in
839 4148 1006 4199 indivisibilem
1060 4148 1208 4197 indefinitum
1217 4148 1241 4197 in
1253 4160 1355 4198 excessu
1364 4150 1389 4197 et
1403 4146 1505 4197 delectu.
1518 4162 1530 4187 υ
1544 4145 1602 4193 linc
1614 4140 1759 4205 Porphyrius
1773 4140 1832 4187 dixit

230 4234 323 4295 partem
335 4232 472 4298 veniemus,
486 4237 594 4285 εοοειιῐοε
606 4238 707 4299 portem
721 4240 781 4287 liam
794 4236 835 4287 nbi
848 4237 902 4287 talis
914 4236 1005 4300 magul-
1059 4234 1110 4283 suis
1125 4246 1198 4296 prope
1216 4233 1313 4296 verbis,
1325 4232 1487 4283 determinans
1505 4226 1659 4294 proterendo,
1676 4239 1731 4290 qum
1745 4225 1832 4275 baben·

231 4316 290 4367 todo
306 4318 480 4381 continuoest,
490 4322 514 4369 el
531 4321 669 4371 continuum
682 4320 900 4385 dividiturscvnper
910 4321 934 4371 in
945 4321 1006 4371 divi·
1059 4326 1099 4373 tm·
1116 4324 1264 4387 aenigmatice
1279 4324 1343 4375 dicis
1365 4324 1389 4373 in
1407 4322 1531 4385 colloquiis
1543 4320 1573 4371 de
1588 4324 1668 4379 Bono,
1679 4323 1704 4369 el
1721 4320 1776 4383 quin
1792 4320 1832 4369 illa

230 4404 320 4459 sibilia.
329 4408 359 4456 nt
368 4406 420 4457 bnt
429 4407 515 4457 divisio
525 4407 759 4460 indeficiensindimt
769 4409 889 4472 citandam
896 4412 1004 4460 nativam
1059 4412 1120 4463 loric
1136 4415 1204 4462 erant
1215 4425 1319 4463 musone
1331 4412 1427 4477 scriptis
1438 4411 1462 4461 ln
1477 4410 1582 4461 Pbilebo.
1595 4412 1623 4460 El
1636 4409 1686 4472 ipse
1699 4408 1833 4457 Alexander

231 4492 314 4543 intiniti
326 4494 463 4545 conclusam
480 4499 505 4546 et
519 4496 665 4547 reconditam
678 4498 703 4546 in
718 4497 815 4548 cubitali
833 4498 1003 4561 magnitudine
1058 4513 1089 4549 ex
1104 4499 1254 4553 sennonibus
1269 4500 1300 4550 de.
1316 4500 1383 4550 Bono
1404 4498 1509 4549 Platonis
1525 4510 1637 4547 asserens
1657 4510 1684 4547 se
1696 4494 1830 4555 dicturum,

231 4584 278 4636 sed
292 4586 367 4647 nugis
379 4588 416 4636 est
435 4585 513 4649 quoad
530 4587 714 4651 multitudinem,
730 4589 799 4650 cuius
811 4587 858 4638 alin
868 4590 905 4638 cst
915 4587 945 4639 nd
957 4602 1003 4639 ma·
1057 4600 1119 4650 quos
1127 4588 1266 4637 Aristoteles
1274 4590 1299 4637 el
1307 4586 1347 4636 alii
1359 4586 1461 4637 titionis
1467 4584 1562 4635 sodales
1571 4586 1708 4645 narrarunt,
1717 4584 1768 4634 licen
1775 4582 1832 4633 scri·

231 4686 313 4736 mum,
328 4676 354 4723 et
367 4672 412 4723 alia
426 4673 455 4722 ad
476 4688 584 4737 penum
600 4678 627 4724 ln
644 4676 681 4725 bis
693 4679 773 4727 autern
785 4680 811 4727 nt
823 4677 933 4740 qondam
947 4676 1004 4727 dua·
1057 4676 1104 4739 psit
1117 4694 1122 4725 ι
1133 4696 1145 4719 ι
1157 4678 1217 4726 Nem
1229 4689 1303 4739 quum
1320 4676 1414 4738 querat
1428 4674 1495 4724 Plato
1507 4672 1619 4737 principia
1628 4686 1722 4729 ιετυιιι,
1734 4670 1825 4732 primm
1921 4732 1928 4745 ·

232 4761 285 4810 litas
301 4755 421 4810 indellnila
436 4760 532 4812 videtur
548 4763 674 4826 compositi
692 4777 722 4814 cx
742 4765 833 4815 nnimte
848 4765 873 4815 ln
891 4778 1004 4828 magnum
1057 4776 1172 4813 numerus
1184 4761 1310 4813 videbatur
1326 4762 1370 4825 ipsi
1389 4763 1474 4813 naturt
1490 4774 1544 4811 esse
1559 4760 1660 4810 oliorum
1677 4758 1828 4823 principium.

230 4850 255 4897 et
269 4860 379 4909 parvum.
394 4850 425 4898 nt
438 4846 491 4898 bmc
502 4848 584 4899 iusunt
600 4849 718 4900 continuis
731 4851 872 4913 corporibus
883 4854 1002 4902 etnome·
1062 4852 1154 4903 lltenim
1167 4850 1235 4901 linem
1253 4850 1381 4911 terminos,
1393 4852 1495 4914 pnncln,
1507 4852 1532 4899 et
1551 4851 1638 4911 puncta
1656 4860 1709 4897 csse
1727 4846 1831 4897 unitates

232 4933 273 4984 ris.
289 4938 409 4986 ltnmerns
420 4936 485 4986 enim
495 4936 586 5000 primus
597 4950 641 5000 pne
651 4940 688 4987 est
699 4936 809 4987 dualitas.
825 4938 906 4988 sedin
920 4942 1004 4989 natura
1058 4938 1173 4990 babentes
1185 4938 1335 5003 posib'nnem.
1357 4937 1473 5000 Equidem
1491 4937 1543 4988 sine
1555 4936 1614 4987 linco
1629 4948 1674 4987 nec
1691 4933 1829 4997 superficies

230 5022 294 5085 paris
307 5021 407 5085 duplum
418 5023 551 5075 continetur
563 5026 588 5074 et
601 5023 739 5087 dimidium,
753 5025 795 5075 sed
806 5025 909 5089 ,duplum
923 5027 948 5075 in
960 5039 1003 5078 ex·
1056 5030 1108 5089 est,
1118 5040 1161 5077 nec
1174 5026 1286 5077 solidum.
1301 5030 1332 5077 tt
1342 5038 1456 5077 numerus
1466 5028 1490 5077 ct
1499 5025 1550 5077 sine
1559 5025 1595 5075 bis
1605 5038 1659 5075 esse
1671 5026 1757 5089 polest.
1784 5025 1830 5073 Ρα-

230 5121 300 5157 cesso
315 5110 340 5159 et
352 5108 476 5159 dimidium
488 5108 513 5159 in
526 5108 627 5161 ducein.
641 5113 762 5161 Excessus
774 5110 846 5175 igitur
857 5114 883 5162 el
896 5111 1004 5164 duodus
1056 5126 1108 5165 rem
1119 5114 1188 5178 igilur
1201 5126 1328 5165 nnmerum
1346 5128 1421 5177 quum
1435 5114 1539 5178 primum
1556 5126 1609 5164 esse
1621 5112 1723 5164 eliorum
1744 5113 1829 5162 nutura

231 5194 255 5242 in
263 5208 364 5245 numero
375 5195 433 5259 pavi.
444 5196 540 5248 Piivnm
548 5200 628 5249 mtem
641 5212 756 5250 numerus
766 5213 809 5264 par
821 5199 845 5251 in
853 5199 960 5251 numeris
966 5205 1004 5250 est
1055 5202 1161 5265 censuit,
1176 5202 1247 5251 etlam
1257 5201 1336 5265 ipsum
1344 5214 1398 5253 csse
1413 5200 1554 5267 principium
1566 5201 1673 5266 putavit,
1684 5197 1830 5263 etprincipln
