4017 5984
823 803 1043 862 PllhiFATlO.
1560 831 1594 872 tx

275 957 413 1006 severo
431 947 595 1030 rogatum
609 938 745 1006 Mosem
764 939 912 1024 Rotam,
929 933 1110 1006 medicum
1125 933 1322 1032 quemdam
1334 939 1506 1038 Cyprium
1523 941 1591 1014 lin·

275 1081 350 1150 guae
367 1053 517 1128 arabioae
537 1057 792 1156 peritissimum
815 1083 877 1131 eos
906 1059 942 1130 in
962 1057 1114 1130 latinum
1135 1083 1337 1134 sermonem
1357 1064 1590 1138 transtulisse.

274 1183 361 1266 Quae
374 1203 460 1251 vero
471 1181 587 1252 versio
605 1207 717 1278 quum
733 1181 825 1279 stylo
831 1181 933 1277 juxta
946 1179 1128 1254 arabicum
1142 1181 1317 1279 indigesto
1331 1184 1435 1257 acob
1448 1188 1592 1286 imperi-

274 1301 360 1370 tiam
372 1300 598 1376 latinitatiset
606 1305 798 1377 dictionem
806 1305 1082 1402 incompositam
1093 1303 1261 1377 illiterato
1273 1309 1477 1407 conscripta
1484 1325 1590 1399 esset,

272 1447 335 1494 eos
348 1422 523 1498 latinitate
544 1426 698 1498 donatos
712 1451 788 1500 esse
801 1426 849 1498 ab
875 1426 1026 1499 editore.
1052 1426 1149 1515 Quid
1163 1428 1200 1499 in
1226 1426 1284 1499 his
1307 1429 1382 1500 veri
1409 1429 1496 1527 quid
1512 1429 1591 1503 falsi

272 1546 356 1616 insit
369 1546 565 1642 dijudicare
582 1575 735 1647 nequeo.
758 1555 845 1622 Rem
861 1549 965 1621 sicuti
981 1564 1166 1643 narratur,
1189 1551 1239 1622 ita
1255 1549 1391 1625 habere
1411 1575 1450 1624 se
1468 1579 1592 1652 posse,

272 1670 386 1744 simile
398 1671 601 1770 exemplum
612 1671 792 1745 librorum
805 1671 851 1744 de
864 1673 997 1744 Plantis
1011 1671 1244 1746 demonstrat.
1258 1679 1329 1746 Fac
1338 1689 1459 1748 autem
1471 1678 1592 1749 omnia

271 1817 358 1864 vera
375 1819 464 1886 esse,
492 1795 621 1866 loetum
646 1794 802 1867 hominis
819 1793 1004 1868 christiani
1023 1820 1044 1866 e
1070 1811 1171 1868 sexto
1190 1797 1389 1894 septimove
1405 1814 1488 1898 post
1508 1798 1594 1872 Chr.

273 1941 310 1986 11.
332 1918 463 1988 saeculo
482 1915 645 2004 habebis,
661 1941 729 2015 pro
753 1940 862 2014 opere
876 1916 1010 1988 falsarii
1027 1941 1070 1987 ex
1098 1917 1201 1988 initio
1220 1918 1309 1990 sexti
1337 1919 1486 2011 decimi,
1512 1945 1593 2017 quae

274 2045 321 2112 hl.
340 2041 488 2114 Lutheri
506 2041 613 2113 luisse
628 2041 772 2112 videtur
791 2041 979 2130 sententia,
994 2040 1045 2111 ita
1059 2040 1096 2112 in
1116 2041 1275 2138 Epistola
1291 2041 1329 2113 d.
1351 2067 1372 2139 7
1393 2047 1478 2114 Dec.
1502 2043 1595 2140 1519

272 2161 460 2235 scribentis
476 2189 484 2233 :
506 2165 636 2236 Attulit
653 2169 702 2236 D.
731 2163 915 2234 Iohannes
929 2169 1063 2234 Hessus
1076 2189 1123 2233 es·
1138 2163 1245 2234 Italia
1263 2163 1493 2264 Theologiam
1507 2169 1593 2237 Ari·

271 2287 409 2358 stotelir
422 2291 616 2381 mysticam,
625 2311 736 2384 mmer
750 2289 789 2356 in
803 2288 916 2381 ὃχνὶα,
933 2301 975 2357 ut
984 2285 1153 2377 scribunt,
1172 2302 1363 2383 repertam,
1379 2288 1446 2359 hoc
1464 2304 1520 2359 est
1526 2315 1596 2384 per

271 2409 525 2506 mcophuntum
550 2411 701 2508 aliquem
726 2395 965 2499 somm'htom,
994 2427 1036 2481 ut
1063 2437 1125 2508 ego
1149 2413 1276 2483 sentio.
1305 2415 1358 2482 De
1389 2410 1593 2509 Palaephato

273 2531 405 2605 horum
435 2531 611 2606 librorum
636 2547 784 2606 auctore
810 2534 978 2629 cogitare,
1000 2557 1109 2630 quem
1125 2533 1254 2605 Suidas
1282 2537 1452 2631 Θεολογίαν
1474 2537 1592 2632 Αἰγυπ-

272 2661 381 2732 vroh
401 2657 581 2755 scripsisse
598 2671 763 2746 testatur,
786 2656 891 2728 sicuti
907 2655 1081 2728 Patricius
1093 2656 1130 2727 in
1147 2656 1431 2728 Discmsionibus
1445 2661 1593 2754 Peripa·

273 2781 398 2868 terreis,
413 2779 476 2850 fol.
502 2805 558 2876 17,
575 2794 689 2869 recto,
715 2779 773 2851 ed.
799 2783 942 2864 Venet.‚
966 2779 1072 2875 1571,
1098 2781 1298 2876 suspicatus
1325 2794 1393 2868 est,
1419 2779 1517 2852 nulla
1539 2795 1593 2852 est

274 2901 358 2972 satis
374 2899 505 2974 idonea
523 2926 643 2988 causa,
665 2902 787 2974 multae
801 2915 923 2972 autem
937 2925 1018 2998 quae
1031 2915 1166 2972 vetant.
1182 2903 1350 2974 Ceterum
1366 2903 1460 2973 idem
1481 2905 1595 2974 Patri·

272 3027 350 3096 cius
364 3050 478 3122 quum
500 3025 524 3099 l.
542 3027 567 3097 l.
588 3025 656 3099 hos
675 3025 787 3098 libros
808 3026 990 3098 Aristoteli
1011 3024 1263 3122 abjudicasset,
1283 3025 1437 3123 sibiipsi
1455 3027 1594 3100 incons-

274 3163 366 3237 tans,
385 3172 447 3220 eos
466 3151 667 3222 eversione
688 3151 781 3222 Petri
805 3149 954 3240 Nicolai,
975 3149 1047 3221 hoc
1066 3150 1172 3222 titulo
1196 3175 1205 3218 t
1229 3152 1379 3244 Mystico
1400 3152 1593 3247 AEgyptio-

273 3297 350 3343 rum
367 3288 401 3342 et
419 3271 664 3344 Choldaeorum
678 3299 701 3343 a
715 3273 863 3344 Platone
881 3297 970 3344 voce
989 3272 1138 3358 tradita,
1165 3271 1212 3342 ab
1231 3272 1419 3343 Aristotele
1442 3289 1593 3371 excepto

273 3413 310 3467 ct
329 3399 529 3494 conscripto
551 3395 799 3494 Philosophia,
828 3397 954 3469 recudi
980 3396 1121 3469 curavit
1145 3397 1182 3467 in
1206 3420 1318 3494 opere
1347 3397 1522 3494 inscripto
1548 3395 1595 3467 de

277 3525 455 3594 Universis
470 3521 717 3618 Philosophia,
740 3522 922 3611 Ferrariae,
944 3519 1050 3620 1591,
1071 3536 1108 3593 et
1124 3520 1294 3610 Venetiis,
1317 3518 1421 3618 1593.

323 3644 428 3717 Liber
445 3644 489 3716 cle
507 3645 791 3743 Proprietatibus
810 3645 1067 3715 Elementorum
1083 3644 1157 3716 sive
1182 3644 1373 3716 decausis
1394 3646 1595 3739 Proprieta-

276 3783 348 3838 tum
368 3767 628 3840 Elementorum
643 3767 851 3865 inscriptus,
871 3789 1059 3862 nunquam
1081 3763 1182 3862 quod
1201 3765 1311 3836 sciam
1332 3764 1480 3834 seorsim
1500 3765 1594 3861 typis

275 3915 426 3962 excusus
439 3907 493 3962 est
510 3917 518 3960 :
535 3891 664 3988 legitur
682 3915 769 3964 vero
787 3893 824 3962 in
837 3889 958 3962 latinis
973 3889 1170 3961 Aristotelis
1183 3886 1414 3975 editionibus,
1434 3889 1592 3977 Venetis,

274 4039 309 4085 a.
335 4013 597 4110 1496,«1.11,11.
625 4013 709 4088 1551
729 4029 765 4085 et
785 4012 887 4101 1561,
904 4029 928 4083 1.
946 4017 1007 4086 Vl.
1022 4017 1071 4083 Ex
1085 4009 1230 4083 arabico
1246 4009 1459 4082 translatum
1471 4011 1592 4102 luisse,

275 4138 361 4209 satis
381 4137 575 4210 ostendunt
588 4137 781 4236 specimina
800 4161 882 4235 quae
904 4137 1025 4209 attulit
1036 4135 1225 4224 lourdain,
1245 4134 1595 4206 hecherchessurles

275 4259 498 4330 traductiortr
512 4259 713 4349 d’Aristote,
731 4259 786 4333 ed.
804 4284 887 4348 seo,
905 4285 941 4358 p.
965 4261 1030 4331 181
1049 4274 1085 4329 et
1103 4261 1188 4344 444.

324 4387 377 4454 De
395 4397 544 4455 auctore
561 4397 598 4456 et
616 4383 662 4455 de
674 4384 780 4455 uariis
798 4380 1090 4480 inscriptionibus
1108 4379 1191 4451 libri
1211 4378 1256 4449 de
1279 4381 1417 4461 Cauris,
1439 4379 1503 4475 qui
1524 4377 1593 4449 sub

275 4507 346 4578 hoc
360 4507 466 4579 titulo
481 4508 517 4578 in
530 4506 656 4579 iisdem
673 4507 889 4580 editionibus
904 4506 1046 4602 legitur,
1063 4505 1200 4603 egregie
1211 4503 1408 4601 disputavit
1418 4501 1593 4574 lourdain

276 4631 301 4702 l.
323 4631 359 4720 1.,
382 4655 420 4727 p.
454 4631 521 4704 183
541 4656 585 4702 ss.
610 4632 716 4729 etp.
749 4629 832 4718 445.
852 4635 901 4701 Ex
926 4628 1071 4701 arabico
1092 4652 1257 4700 sermone
1284 4626 1496 4700 translatum
1517 4651 1594 4698 esse

277 4768 429 4824 testatur
445 4757 489 4824 D.
504 4753 672 4844 Thomas,
697 4755 760 4850 qui
778 4755 815 4824 in
831 4779 915 4826 eum
932 4735 1198 4826 commentatus
1219 4766 1286 4824 est.
1315 4757 1382 4842 Eo,
1403 4765 1445 4822 ut
1464 4766 1501 4822 et
1521 4751 1594 4822 hoc

275 4876 421 4968 addam,
445 4878 546 4974 quasi
565 4878 638 4949 veri
658 4877 852 4952 Aristotelis
868 4877 1014 4976 scripto,
1039 4901 1125 4949 usus
1138 4891 1192 4948 est
1208 4881 1244 4948 F.
1264 4878 1460 4971 Magnanus
1475 4881 1593 4946 hono·
